3218 5174
809 482 827 548 1

723 573 926 582 ——-—

219 685 310 771 (Qua
344 687 466 753 ratione
490 686 525 754 T.
552 686 636 752 Livii
658 687 824 753 annalibus
856 687 905 752 usi
937 685 1000 752 sint
1031 683 1174 750 historici
1202 684 1308 750 Latini
1341 693 1434 770 atque

222 786 341 854 Graeci
362 813 392 875 p.
416 791 455 852 41
481 791 563 875 sqq.)
591 798 746 853 auctorem
770 788 810 855 de
831 788 889 852 vir.
912 786 956 851 ill.
981 787 1141 852 incorum
1165 809 1294 852 numero
1316 785 1435 851 haben-

181 958 190 971 ,
220 889 295 955 dum
324 912 392 957 esse
420 890 544 971 statuit,
574 891 628 975 qui
655 890 726 955 aliis
753 891 878 956 aliunde
905 889 1019 954 additis
1042 889 1124 954 Livii
1151 888 1279 952 annales
1305 910 1434 974 excerp·

218 992 326 1057 serint.

302 1092 365 1158 Th.
381 1092 637 1158 Mommsenus
653 1092 779 1176 (Herm.
795 1092 822 1173 I,
839 1117 869 1180 p.
890 1095 993 1159 168=
1006 1091 1134 1174 Quaest.
1148 1091 1239 1156 Rom.
1253 1090 1296 1171 II,
1313 1115 1342 1177 p.
1356 1093 1434 1174 430)

219 1217 321 1259 rerum
347 1197 387 1259 ab
411 1205 534 1259 auctore
556 1203 664 1260 nostro
686 1207 883 1260 narratarum
905 1194 1108 1281 praecipuum
1121 1195 1210 1258 iuxta
1225 1194 1349 1258 Livium
1365 1194 1436 1259 ion-

221 1305 283 1360 tem
302 1295 460 1360 Valerium
478 1296 640 1360 Antiatem
663 1318 732 1360 esse
754 1295 827 1362 inde
841 1296 963 1383 repetit,
986 1293 1069 1381 quod
1084 1294 1118 1358 in
1133 1292 1317 1381 Scipionum
1333 1294 1435 1359 causis

221 1396 261 1480 (c.
284 1396 399 1461 XLIX·
425 1406 457 1461 et
483 1395 577 1478 LIII)
608 1419 679 1461 eam
707 1397 804 1462 habet
832 1398 1020 1474 versionem,
1055 1418 1150 1481 quam
1178 1405 1304 1460 auctore
1331 1395 1434 1461 Gellio

222 1496 283 1582 [VI
312 1496 405 1580 (VII)
434 1500 487 1578 19,
518 1499 551 1580 8]
581 1498 666 1564 solus
695 1498 839 1564 Valerius
870 1499 986 1563 Antias
1013 1496 1152 1562 tradidit.
1198 1521 1306 1562 verum
1334 1508 1369 1562 ut
1396 1497 1435 1563 de

220 1597 346 1663 Valerio
369 1598 501 1662 Antiate
523 1598 615 1686 plane
638 1623 710 1665 cum
738 1601 805 1666 viro
832 1601 1014 1666 doctissimo
1044 1599 1215 1679 consentio,
1249 1599 1435 1685 praesertim

219 1723 291 1764 cum
312 1722 376 1763 non
398 1699 514 1786 ‘paucis
543 1700 613 1764 aliis
639 1700 716 1766 locis
743 1703 900 1768 luculenta
923 1701 1062 1766 Antiatis
1090 1699 1225 1785 vestigia
1251 1709 1434 1786 appareant,

218 1801 264 1866 ita
285 1800 323 1866 de
345 1801 439 1865 Livio
461 1803 527 1868 eius
549 1801 700 1867 iudicium
724 1803 811 1888 sequi
832 1827 895 1868 non
920 1824 1055 1890 possum.

304 1901 343 1968 O.
365 1903 670 1969 Aldenhovenus
693 1904 817 1987 (Herm.
835 1904 874 1985 V,
897 1929 928 1990 p.
947 1904 1023 1986 153)
1038 1902 1235 1968 Mommseno
1251 1900 1435 1966 adversatus

218 2003 256 2068 L.
295 2001 457 2090 Calpurnii
491 2003 616 2068 Pisonis
650 2005 780 2070 annales
809 2007 959 2070 Nostrum
992 2015 1132 2068 secutum
1165 2027 1233 2068 osse
1267 2001 1433 2067 contendit.

220 2128 299 2191 quae
322 2105 484 2188 sententia,
508 2107 603 2171 nullis
626 2107 719 2171 certis
746 2105 939 2191 argumentis
960 2106 1098 2186 firmata,
1127 2106 1189 2170 iam
1213 2127 1249 2169 eo
1270 2104 1434 2183 refutatur,

220 2206 304 2292 quod
326 2206 360 2271 in
381 2207 459 2294 ipsis
482 2207 591 2294 primis
614 2207 778 2294 capitibus,
803 2230 882 2293 quae
901 2207 1149 2272 Aldenhovenus
1170 2206 1348 2294 perlustrat,
1371 2229 1435 2270 non

219 2331 322 2394 pauca
343 2308 559 2390 inveniuntur,
593 2333 673 2395 quae
694 2310 822 2374 minime
844 2333 862 2374 e
884 2308 1000 2374 Pisone
1021 2308 1182 2389 fluxerint,
1221 2310 1306 2374 velut
1327 2332 1435 2374 narra-

219 2409 377 2474 tiunculae
401 2409 439 2474 de
462 2409 598 2497 Tarpeia
619 2412 742 2496 virgine
765 2434 790 2478 o.
814 2410 848 2475 II
871 2411 926 2476 cfr.
948 2410 1081 2497 Dionys.
1107 2410 1149 2492 II,
1174 2411 1228 2493 383
1253 2411 1291 2475 de
1315 2412 1435 2476 Numae

219 2511 307 2575 libris
325 2532 356 2604 c.
380 2510 468 2595 1111)
492 2510 546 2578 cfr.
577 2512 645 2578 Liv.
671 2511 742 2592 XL,
770 2514 820 2592 99,
844 2513 877 2592 33
907 2511 945 2577 de
968 2512 1131 2598 Tarquinii
1158 2510 1294 2598 Superbi
1321 2534 1435 2596 genere

220 2636 247 2677 o.
264 2612 327 2678 VII
350 2613 405 2677 cir.
421 2611 555 2698 Dionys.
580 2613 637 2694 lV,
661 2615 690 2694 6,
715 2615 751 2694 7;
775 2614 812 2678 de
835 2611 950 2700 Spurio
965 2613 1084 2678 Maelio
1105 2613 1269 2679 interfecto
1292 2635 1318 2677 c.
1334 2611 1435 2677 XVII

220 2714 277 2779 cfr.
302 2714 432 2800 Dionys.
455 2712 534 2794 XII,
558 2715 586 2778 4.
633 2737 821 2799 quamquam
850 2714 911 2780 hoe
932 2713 1162 2780 Aldenhoveno
1190 2713 1330 2780 concedo
1357 2735 1435 2777 non·

218 2815 305 2881 nulla
325 2815 451 2880 Pisonis
474 2815 608 2899 vestigia
629 2817 663 2880 in
685 2816 764 2880 libro
786 2826 894 2880 nostro
916 2815 1059 2880 inveniri.

303 2917 343 2981 Ε.
369 2915 625 2982 Woelfflinus
652 2918 718 2999 (De
741 2917 830 2982 Lucii
852 2916 990 3003 Ampelii
1013 2916 1094 2981 libro
1117 2917 1291 2982 memoriali
1313 2927 1433 3003 quaest.

219 3019 287 3085 orit.
312 3031 343 3084 et
364 3018 538 3099 historicae,
562 3016 733 3105 Gottingae
757 3021 839 3085 1846
861 3043 891 3106 p.
916 3019 971 3102 35)
995 3042 1034 3082 ex
1048 3017 1128 3082 Julii
1151 3019 1273 3104 Hygini
1296 3017 1334 3083 dc
1357 3017 1432 3084 viris

219 3120 393 3185 illustribus
416 3120 504 3185 libris
527 3131 685 3190 auctorem
709 3131 851 3186 nostrum
873 3144 929 3186 sua
952 3121 1124 3205 sumpsisse
1142 3121 1264 3186 statuit:
1286 3142 1434 3205 magnam

220 3223 304 3288 enim
331 3229 413 3287 inter
435 3221 618 3306 Ampelium
649 3235 680 3287 et
709 3233 869 3287 auctorem
897 3222 936 3287 de
963 3223 1021 3288 vir.
1051 3221 1095 3286 ill.
1123 3234 1245 3287 exstare
1276 3221 1436 3308 conspira-

219 3325 351 3403 tionem,
383 3323 438 3388 sed
461 3322 554 3387 modo
577 3323 660 3388 hunc
680 3324 775 3389 modo
797 3325 886 3389 illum
907 3323 1058 3388 nonnulla
1079 3323 1218 3404 tradere,
1248 3347 1328 3407 quae
1351 3321 1436 3409 apud

220 3426 354 3491 alterum
376 3423 602 3504 desiderentur,
630 3449 727 3512 quare
749 3426 791 3490 ad
813 3426 944 3490 eundem
967 3436 1124 3489 auctorem
1147 3425 1343 3490 referendum
1367 3447 1436 3490 esse

219 3535 400 3613 utrumque,
435 3526 518 3591 hunc
540 3535 645 3592 autem
665 3526 832 3614 Hyginum
853 3549 930 3591 esse.
955 3564 994 3574 —
1020 3549 1128 3590 verum
1148 3550 1249 3613 neque
1276 3537 1437 3590 auctorem

221 3628 259 3693 de
282 3629 338 3693 vir.
362 3627 404 3691 ill.
427 3651 529 3714 neque
552 3628 733 3716 Ampelium
761 3629 847 3716 ipsos
868 3626 990 3713 Hygini
1020 3627 1117 3691 libros
1145 3626 1328 3692 adhibuisse
1354 3626 1437 3691 infra

221 3728 392 3795 ostendam.

303 3829 340 3896 L.
365 3827 604 3916 Spengelius
628 3831 727 3915 (Acta
749 3831 837 3896 acad.
861 3829 988 3895 Monac.
1011 3829 1161 3895 XXXVI
1185 3832 1275 3912 1863,
1304 3855 1333 3919 p.
1358 3830 1436 3914 348)

221 3942 253 3996 et
276 3931 312 3998 O.
339 3933 498 4018 Heynus
522 3931 587 4015 (De
602 3930 697 3998 Floro
713 3933 871 4015 historico,
887 3933 1019 3998 Bonnae
1036 3933 1118 3997 1866
1133 3956 1163 4018 p.
1181 3933 1199 3996 6
1215 3935 1262 4016 n.)
1280 3941 1434 3998 auctorem

290 4122 314 4184 1)
335 4118 425 4171 Errare
449 4119 681 4182 Aldenhovenum,
708 4121 753 4189 qui
776 4138 808 4173 ex
827 4121 907 4173 Plinii
935 4119 1021 4188 [XlIl,
1043 4125 1081 4184 13,
1102 4119 1145 4190 84]
1169 4121 1256 4174 verbis
1281 4119 1345 4184 „hoo
1367 4119 1435 4172 idem

220 4204 301 4257 tradit
318 4203 393 4257 riser
422 4205 591 4258 ratiocinetur
626 4205 747 4258 Pisonem
765 4206 829 4258 item
849 4222 879 4258 ao
898 4211 1018 4258 nostrum
1037 4211 1170 4259 auctorem
1190 4206 1255 4258 hauc
1279 4223 1335 4258 rem
1359 4221 1437 4274 expo-

220 4290 314 4352 suisse,
342 4307 356 4342 s
379 4288 452 4341 Livio
476 4291 493 4343 l.
516 4291 534 4344 l.
561 4295 668 4360 apparet
696 4293 732 4357 [v.
762 4292 885 4344 Peterem
913 4295 962 4344 rat.
991 4292 1050 4344 hist.
1079 4293 1152 4344 Rom.
1176 4292 1223 4344 rel.
1247 4307 1271 4357 p.
1295 4289 1357 4357 66].
1393 4291 1437 4342 illu

221 4378 310 4427 autem
329 4373 409 4427 Plinii
436 4377 515 4428 rerba
539 4375 603 4429 nihil
627 4377 700 4429 aliud
722 4375 872 4446 significant
895 4377 946 4429 uisi
970 4377 1080 4429 eandem
1099 4393 1155 4428 rem
1174 4375 1297 4430 Pisonem
1327 4377 1437 4444 tradere,

220 4461 330 4516 minime
348 4468 437 4516 autem
456 4462 558 4528 eodem,
575 4478 626 4531 quo
645 4461 750 4516 Cassius
770 4463 883 4516 Hemina
901 4462 1046 4530 tradiderit,
1063 4462 1149 4516 modo.
