3218 5174
848 455 890 522 30

771 544 975 554 —-———-—-

260 675 326 715 oum
362 656 392 714 in
430 656 617 716 celeberrima
651 669 732 736 parte
765 660 846 718 urbis
899 660 1016 720 Carinis
1037 660 1155 720 domum
1180 659 1244 718 eius
1265 663 1433 721 Antonius
1467 669 1518 722 te-

262 750 378 809 Oarinis
398 757 481 828 pater
491 750 555 810 eius
565 751 735 828 habitasset,
755 753 846 830 ipsius
897 755 993 814 nebat.

262 844 364 903 domus
390 856 419 904 et
443 854 565 922 penates
591 847 620 904 io
645 848 713 905 navi
740 848 845 924 pende·

261 946 335 999 rent

370 1085 393 1144 F
396 1084 449 1144 lor.
472 1085 511 1160 II,
533 1087 571 1146 20
590 1108 619 1165 p.
644 1088 708 1162 113,
729 1089 747 1146 6
944 1095 1018 1144 auct.
1040 1088 1077 1146 de
1097 1087 1150 1146 vir.
1172 1087 1213 1148 ill.
1236 1087 1393 1160 LXXXV,
1425 1091 1451 1145 4

262 1230 297 1240 -
319 1197 362 1255 sic
382 1198 432 1256 six
451 1198 539 1257 tertia
559 1206 641 1276 parte
660 1200 695 1259 de
715 1200 789 1260 XVI
804 1201 845 1260 le·
895 1198 947 1255 vix
967 1200 1080 1258 tertiam
1100 1209 1214 1276 partem
1235 1200 1272 1259 de
1291 1199 1348 1258 XV
1362 1199 1514 1278 legioni·

260 1291 394 1368 giouibus
413 1292 583 1368 reliqua-
897 1293 950 1350 bus
971 1292 1002 1350 in
1022 1296 1190 1373 Aegyptum
1210 1294 1354 1371 perduxit.

368 1438 448 1500 Flor.
471 1438 509 1512 ll,
533 1439 567 1498 18
588 1458 615 1517 p.
641 1442 704 1514 110,
726 1443 743 1500 6
936 1447 1009 1500 auct.
1031 1440 1067 1498 de
1087 1441 1140 1502 vir.
1162 1441 1202 1499 ill.
1225 1440 1402 1512 LXXXIV,
1434 1440 1457 1498 2

261 1582 300 1592 —
321 1550 358 1608 ob
378 1549 449 1608 haee
470 1562 510 1608 tot
531 1571 669 1630 prospere
690 1553 846 1612 iaetaeeu-
896 1587 935 1596 -
974 1572 1039 1611 oum
1069 1554 1143 1612 mari
1188 1553 1312 1613 feliciter
1352 1557 1510 1610 uteretur

263 1654 324 1702 tum
354 1645 447 1703 bobus
479 1649 587 1706 auratis
613 1647 719 1706 Peloro
750 1647 847 1708 litavit
898 1645 1029 1725 Neptuni
1064 1667 1095 1706 se
1125 1649 1218 1707 filium
1255 1646 1406 1706 confessus
1453 1655 1509 1704 est

263 1738 481 1816 spirantemque
501 1760 607 1817 equum
633 1761 698 1800 cum
724 1763 795 1802 auro
815 1745 845 1802 in
898 1761 1022 1817 eumque
1061 1743 1152 1801 bobus
1191 1741 1300 1800 auratis
1339 1750 1369 1798 et
1408 1759 1505 1816 equo

264 1832 368 1891 fretum
390 1833 469 1891 misit
489 1835 568 1894 dona
582 1835 719 1913 Neptuno
733 1846 845 1914 putant.
897 1835 1032 1912 placavit.

359 1978 436 2040 mor.
459 1979 498 2055 11,
518 1981 550 2040 21
574 2002 604 2060 p.
629 1961 692 2057 114,
713 1983 750 2041 ua
937 1987 1014 2039 aues.
1035 1981 1070 2040 ae
1092 1982 1144 2040 vn.
1165 1982 1207 2040 ur.
1228 1981 1403 2053 nxxxvr,
1431 1984 1453 2040 3

262 2123 289 2133 -
325 2091 355 2149 in
377 2092 605 2152 Mausoleum..
627 2113 657 2154 se
681 2095 790 2172 recepit
808 2096 847 2153 ibi
899 2092 930 2150 in
950 2093 1101 2152 Mausoleo
1129 2094 1190 2152 eius
1214 2094 1340 2153 admotis
1371 2093 1499 2170 aspidi-

263 2226 298 2242 ..
324 2187 449 2246 admotis
478 2235 485 2248 .
512 2232 519 2246 .
545 2231 552 2246 .
591 2190 773 2266 serpentibus
807 2190 848 2248 sio
899 2188 953 2246 bus
974 2187 1069 2263 periit.

263 2286 377 2342 morta.
395 2325 424 2340 ..
446 2281 542 2340 soluta
561 2293 613 2343 est.

370 2427 447 2486 Flor.
468 2427 505 2501 ll,
527 2431 563 2486 34
585 2448 611 2505 p.
636 2427 700 2502 123,
723 2429 740 2487 9
955 2438 1028 2488 auct.
1052 2429 1088 2487 de
1108 2429 1162 2487 vir.
1183 2429 1225 2488 ill.
1246 2429 1390 2503 LXXlX,
1411 2432 1431 2488 4

263 2571 298 2581 —
320 2557 388 2596 nam
409 2550 437 2598 et
458 2539 584 2617 Scythae
608 2541 713 2599 misere
734 2540 847 2618 legatos
899 2538 966 2598 huie
1000 2540 1105 2600 Parthi
1138 2542 1230 2619 signa,
1266 2560 1340 2615 quae
1374 2541 1494 2600 Crasso

262 2639 292 2691 et
303 2632 455 2694 Sarmatae
466 2634 625 2693 amicitiam
635 2647 774 2713 petentes.
796 2634 846 2694 Se·
898 2633 1085 2709 sustulerant,
1101 2635 1177 2695 ultro
1188 2636 1385 2696 reddiderunt.
1408 2635 1491 2707 Indi,

265 2746 311 2786 res
338 2729 426 2787 etiam
457 2730 694 2808 habitantesque
704 2732 758 2790 sub
782 2732 847 2806 ipso
899 2727 1036 2806 Scythae,
1059 2729 1221 2805 Sarmatae,
1238 2730 1321 2801 Daoi,
1335 2748 1410 2806 quos
1424 2750 1491 2789 non

263 2821 325 2880 sole
345 2822 412 2881 Indi
438 2844 503 2883 oum
529 2825 651 2900 gemmis
677 2830 706 2884 et
731 2843 846 2901 marga·
899 2824 1068 2898 domuerat,
1105 2826 1184 2884 dona
1217 2825 1365 2883 miseruut.
1412 2823 1488 2881 «lani

261 2915 326 2975 ritis
348 2917 519 2996 elephantos
540 2938 656 2996 quoque
683 2920 758 2977 inter
782 2939 846 2977 mu·
899 2916 1013 2976 Gemini
1034 2928 1133 2994 portas
1153 2918 1199 2977 bis
1220 2925 1288 2976 aute
1313 2937 1345 2976 se
1365 2917 1488 2976 clausas

262 3031 335 3069 nera
361 3014 510 3072 trahentes
539 3045 572 3057 -
600 3013 705 3072 Parthi
731 3032 847 3090 quoque
896 3013 993 3089 primo
1014 3014 1067 3070 sub
1088 3011 1188 3071 Numa
1208 3013 1311 3070 iterum
1333 3021 1400 3086 post
1423 3012 1488 3086 pri-

264 3147 270 3162 .
296 3149 304 3164 .
329 3115 413 3182 rapta
447 3107 528 3166 clade
566 3107 724 3167 Crassiana
763 3110 847 3186 signa
899 3125 976 3164 mum
1004 3106 1145 3164 Punicum
1172 3106 1278 3166 bellum
1310 3125 1364 3163 sua
1393 3125 1486 3164 mauu

264 3198 340 3256 ultro
355 3200 491 3259 rettulere
505 3249 512 3262 .
528 3248 534 3261 .
552 3245 558 3258 .
577 3220 724 3279 aususque
739 3204 847 3262 Caesar
898 3201 1011 3261 clausit.
1043 3201 1182 3260 Dictator
1197 3201 1411 3278 inperpetuum
1423 3200 1485 3257 iao-

265 3294 419 3369 Augustus
440 3294 521 3355 DCC
541 3315 617 3354 anuo
637 3297 675 3355 ab
696 3298 766 3355 urbe
780 3317 846 3355 con·
898 3306 945 3353 tus
965 3316 983 3352 a
1009 3303 1113 3354 senatu
1139 3296 1176 3354 ob
1201 3314 1247 3353 res
1273 3301 1371 3371 gestas
1396 3293 1486 3352 divus

263 3385 325 3443 dita
347 3386 456 3446 danum
478 3389 635 3450 Geminum
659 3391 776 3450 eludere
800 3392 847 3450 bis
898 3391 1049 3466 Augustus
1069 3399 1114 3448 est
1132 3388 1307 3465 appellatus.

263 3488 330 3538 ante
350 3481 514 3541 seclusum
534 3485 588 3542 sub
611 3504 679 3563 rege
699 3485 798 3545 Numa
818 3494 848 3545 et

263 3575 339 3633 vieta
358 3576 482 3652 primum
503 3577 687 3656 Carthagine.
718 3582 756 3639 ob
776 3582 847 3640 haee

263 3676 307 3729 tot
331 3671 408 3730 faota
431 3672 563 3748 ingentia
587 3674 714 3734 dictator
742 3694 846 3754 perpe·

263 3771 330 3823 tuus
350 3776 378 3824 et
398 3781 481 3842 pater
502 3769 656 3845 patriae..
673 3813 679 3827 .
695 3771 745 3828 sed
765 3789 846 3828 rere-

263 3859 374 3919 rentius
393 3861 489 3919 visum
509 3873 552 3920 est
571 3882 676 3922 nomen
698 3866 831 3941 Augusti,
979 3901 991 3932 2

347 4007 400 4072 Ao
421 4008 557 4095 primum
583 4009 710 4095 quidem
736 4018 879 4076 auctores
905 4033 1062 4097 nusquam
1089 4010 1168 4077 adeo
1200 4011 1413 4092 consentiunt,
1447 4021 1482 4075 ut

264 4109 344 4174 alter
365 4109 480 4190 omnia,
503 4132 584 4197 quae
605 4109 710 4192 tradit,
739 4134 779 4176 ex
801 4111 899 4177 altero
923 4112 1106 4199 depromere
1129 4112 1278 4196 potuerit,
1309 4110 1364 4178 sed
1385 4111 1480 4176 modo

263 4209 377 4275 Florus
399 4211 494 4276 modo
515 4212 632 4277 Noster
653 4212 805 4277 nonnulla
826 4213 935 4296 refert,
965 4237 1045 4300 quae
1067 4236 1131 4277 non
1158 4236 1198 4278 ex
1219 4212 1350 4279 libidine
1371 4213 1480 4278 addita

264 4334 334 4378 esse
362 4314 600 4401 comparatione
628 4336 700 4379 oum
726 4314 795 4378 aliis
821 4317 999 4381 auctoribus
1030 4315 1115 4380 faeta
1147 4313 1300 4380 videmus.
1346 4315 1479 4407 exempli

263 4412 366 4508 gratia
386 4414 524 4508 primum
547 4414 650 4484 looum
673 4438 693 4480 a
715 4413 884 4511 Spengelio
906 4417 1103 4512 propositum
1124 4415 1238 4487 affero:
