3258 5186
807 467 847 530 76

722 553 925 562 .——-—-——·

321 638 380 698 cic.
401 637 441 710 II,
466 637 510 710 18,
531 637 567 696 33
588 655 616 712 p.
634 635 688 694 190
961 645 1034 695 auct.
1056 635 1167 694 (levir.
1188 634 1230 692 ill
1252 633 1289 708 V,
1310 634 1328 692 2

214 749 304 808 silvas
325 748 498 807 maritumas
512 765 612 807 omnes
628 747 797 822 pubIIcavit.
828 747 941 804 *silvas
962 746 999 804 ad
1020 765 1104 804 usum
1124 745 1242 804 navium
1266 745 1439 821 publicavit.

299 895 394 961 Hanc
416 917 543 980 quoque
563 916 631 959 rem
653 892 739 978 apud
760 892 894 976 alium1)
917 901 1077 958 auctorem
1098 891 1216 956 frustra
1239 913 1383 977 quaeras.

252 1033 311 1092 cic.
333 1032 370 1091 de
388 1047 449 1105 rep.
471 1029 512 1103 ΙΙ,
534 1028 580 1102 20,
603 1029 639 1088 36
659 1048 686 1106 p.
706 1028 759 1086 194
955 1037 1028 1087 auct.
1051 1028 1088 1086 de
1108 1028 1160 1085 vir.
1182 1026 1223 1084 ill.
1245 1024 1297 1098 VI,
1318 1027 1334 1082 7

215 1163 322 1203 ..nec
341 1140 464 1222 potuit
483 1140 656 1200 Titiensium
669 1150 698 1197 et
712 1139 799 1198 Ram·
850 1141 1050 1217 ..equitum
1094 1138 1239 1196 centurias
1290 1157 1441 1196 numero

214 1238 347 1296 nensium
377 1245 405 1294 et
439 1234 587 1293 Lucerum
615 1235 799 1310 mutarel),
850 1235 1068 1311 duplicavit,
1117 1232 1260 1290 nomina
1299 1241 1442 1290 mutare

215 1352 303 1408 quum
344 1335 475 1418 cuperet,
515 1330 672 1404 nomina,
721 1329 799 1406 quod
850 1347 918 1386 non
950 1329 1067 1406 potuit
1091 1328 1167 1386 Attii
1188 1325 1278 1385 Navii
1309 1327 1441 1384 auctori·

215 1433 317 1484 auctor
355 1424 382 1482 ei
422 1443 536 1483 summa
574 1423 669 1501 gloria
708 1440 800 1500 augur
851 1429 911 1482 tate
930 1423 1145 1482 deterritus...

215 1523 305 1578 Attus
324 1515 439 1576 Navius
459 1537 516 1576 non
543 1524 607 1576 erat
622 1564 628 1576 .
641 1561 648 1576 .
661 1562 667 1578 .
679 1518 731 1576 sed
756 1529 799 1576 ta·

216 1633 319 1672 men..
341 1631 521 1670 numerum
542 1612 756 1688 duplicavit.

256 1758 315 1819 Gir.
337 1758 372 1815 de
392 1777 452 1834 rep.
473 1757 514 1830 II,
535 1758 581 1830 24,
603 1759 641 1816 44
662 1777 689 1834 p.
705 1757 760 1816 207
968 1763 1041 1816 auct.
1063 1756 1099 1814 de
1118 1757 1171 1815 vir.
1192 1756 1233 1814 ill.
1255 1755 1328 1814 VIII

218 1891 364 1933 ...omne
385 1869 504 1927 Latium
524 1870 601 1928 bello
623 1870 737 1928 devicit.
811 1886 814 1892 ·
892 1867 1016 1926 Latinos
1038 1865 1220 1944 Sabinosque
1241 1867 1359 1926 domuit.

302 2014 408 2083 Ceteri
431 2038 538 2080 omnes
561 2026 704 2081 auctores
726 2039 789 2080 non
813 2014 895 2078 bello
923 2012 1065 2092 domitos,
1096 2013 1152 2078 sed
1182 2013 1255 2079 dolo
1286 2013 1440 2098 deceptos

217 2142 286 2185 esse
307 2118 440 2184 Latinos
462 2117 590 2182 tradunt
614 2117 656 2202 [v.
680 2115 870 2202 Schwegler.
894 2114 926 2180 h.
951 2115 990 2180 R.
1013 2115 1030 2179 Ι
1052 2139 1083 2203 p.
1099 2116 1176 2199 788]

342 2254 402 2313 Cic.
425 2253 506 2312 Brut.
527 2251 612 2326 XIV,
634 2253 670 2310 55
930 2256 1006 2308 auct.
1027 2251 1064 2309 de
1083 2252 1137 2309 vir.
1158 2250 1199 2309 ill.
1223 2249 1360 2308 XXXIII

255 2367 305 2425 M?
319 2366 425 2425 Curius
446 2364 579 2421 tribunus
600 2363 693 2440 plebis
713 2363 801 2422 inter·
892 2363 954 2438 [list
970 2361 1087 2436 Curius]
1111 2362 1361 2440 tribunusplebis
1387 2382 1441 2438 pa·

217 2481 285 2537 rege
312 2459 411 2536 Appio
437 2455 533 2518 Caeco
558 2458 677 2516 comitia
702 2467 802 2516 contra
853 2463 912 2515 tres
932 2463 1097 2514 auctores
1127 2455 1214 2514 fieri
1244 2457 1362 2532 coegit
1392 2476 1442 2515 co-

216 2556 294 2632 leges
312 2555 438 2612 habente
460 2572 524 2611 cum
554 2554 591 2612 de
619 2551 704 2629 plebe
733 2571 801 2610 con·
852 2551 953 2623 mitiis,
975 2550 1079 2627 quibus
1100 2550 1229 2627 plebeius
1249 2551 1442 2628 magistratus

217 2649 309 2707 sulem
343 2666 401 2705 non
436 2649 562 2724 accepit,
597 2655 713 2723 patres,
735 2657 801 2704 ante
852 2647 1012 2705 creabatur.

217 2749 384 2802 auctores
424 2742 511 2800 iieri
548 2742 682 2817 coegit,
724 2741 801 2818 quod
1026 2741 1064 2798 id.
1087 2759 1111 2799 c.
1133 2741 1271 2798 XXXIV

217 2838 273 2896 iuit
292 2854 481 2915 permagnum
507 2837 570 2914 lege
591 2836 707 2894 Maenia
732 2855 801 2894 non·
892 2835 1035 2912 [Appius]
1057 2855 1092 2894 ne
1113 2836 1282 2894 consulatus
1297 2856 1363 2894 cum
1379 2837 1442 2914 ple-

217 2933 286 2991 dum
307 2934 376 2991 lata.
852 2930 925 2988 beiis
947 2932 1216 3004 communicaretur,
1237 2931 1374 2989 acerrime
1394 2952 1442 2990 re-

854 3025 936 3083 stitit.

303 3172 377 3238 Hac
411 3169 451 3236 de
482 3192 516 3234 re
548 3178 653 3234 tacent
686 3169 781 3235 ceteri
815 3191 924 3235 omues
957 3180 1102 3235 auctores
1136 3171 1178 3254 [v.
1206 3170 1440 3239 Mommsenum

222 3276 352 3357 Quaest.
375 3273 467 3339 Rom.
490 3271 517 3353 Ι,
540 3295 570 3358 p.
589 3272 660 3352 240,
682 3292 712 3357 p.
730 3271 790 3336 311
821 3280 853 3334 et
879 3270 1038 3357 Largium
1060 3281 1122 3337 ant.
1145 3271 1236 3338 Rom.
1259 3272 1304 3356 H,
1326 3299 1357 3363 p.
1374 3276 1441 3358 94].

228 3386 232 3394 ’
305 3409 367 3470 cro.
389 3410 426 3468 ae
446 3406 495 3465 off.
516 3406 571 3480 111,
592 3407 639 3477 31,
663 3406 716 3464 112
928 3415 1002 3466 auct.
1023 3407 1060 3465 ae
1080 3407 1133 3468 vn.
1155 3408 1196 3467 nr.
1218 3408 1352 3468 xxvnr

257 3523 292 3582 L.
321 3520 429 3579 Manlio
454 3521 491 3576 A.
517 3517 559 3589 F,
585 3538 650 3575 cum
676 3517 800 3576 dictator
891 3518 926 3576 Τ.
941 3518 1068 3576 Manlius
1089 3520 1126 3578 ob
1146 3521 1253 3597 ingenii
1273 3530 1302 3578 et
1321 3522 1445 3600 linguae·

218 3616 333 3688 fuisset,
366 3614 406 3672 M.
446 3612 625 3689 Pomponius
665 3612 799 3672 tribunus
852 3613 1020 3671 tarditatem
1040 3619 1159 3689 epatre
1179 3633 1237 3672 rus
1257 3616 1439 3694 relegatus

217 3707 478 3791 pldiemdixit
490 3749 582 3767 .....
594 3707 801 3765 criminabatur
852 3708 1439 3770 eumaudivisseteidiemdictam

219 3805 318 3878 etiam,
350 3802 428 3879 quod
462 3801 566 3859 Titum
595 3801 688 3859 filium
708 3847 714 3860 .
737 3846 743 3858 .
763 3802 801 3859 ab
853 3821 872 3860 a
891 3801 1055 3878 Pomponio
1083 3803 1199 3861 tribuno
1229 3804 1322 3880 plebis
1352 3812 1439 3865 nocte

217 3899 382 3957 bominibus
419 3895 622 3972 relegasset
660 3905 688 3952 et
726 3895 801 3953 ruri
852 3897 952 3954 urbem
973 3897 1055 3973 petit.
1095 3903 1236 3956 secretum
1259 3897 1437 3974 colloquium

217 3992 352 4051 habitare
360 3990 501 4048 iussisset.
522 3990 601 4066 quod
615 4008 691 4047 cum
705 3989 801 4047 audi·
852 4009 871 4048 a
901 3990 1019 4049 tribuno
1049 3991 1218 4067 impetravit
1253 3998 1282 4050 et
1315 3992 1439 4069 gladio

218 4158 421 4168 ———-—-·

288 4279 314 4340 1)
332 4275 423 4328 Livius
447 4275 467 4340 l,
490 4279 536 4339 33,
559 4279 574 4328 9
600 4274 690 4328 scribit
713 4279 819 4327 tantum
842 4275 935 4327 silvam
958 4275 1082 4328 Maesium
1107 4276 1263 4330 Veientibus
1286 4278 1437 4346 ademptam

219 4377 286 4415 csse.

289 4450 314 4511 2)
332 4461 358 4497 v.
375 4444 521 4499 Beckerum
539 4451 594 4500 ant.
614 4446 688 4501 Rom.
706 4446 742 4499 ll¹
764 4464 789 4516 p.
803 4451 853 4501 242
872 4464 897 4499 n.
916 4451 975 4502 494.
