3218 5174
732 494 769 557 41

208 695 276 754 Val.
295 695 376 753 Max.
399 693 452 768 111,
472 695 499 768 8,
519 696 536 755 6
556 715 585 773 p.
601 694 657 755 302
824 701 900 753 auct.
920 694 957 753 de
977 693 1031 754 vir.
1052 693 1094 753 ill.
1115 693 1263 768 LXXIII,
1285 695 1302 752 4
1405 640 1422 666 I

209 807 276 865 Val.
297 808 376 866 Max.
396 807 448 881 IV,
472 809 497 881 1,
518 809 535 865 7
555 826 585 884 p.
601 808 658 865 314
853 806 985 866 1111111
1006 805 1060 865 vir.
1081 806 1122 867 ill.
1144 803 1237 879 XLV,
1259 807 1275 863 3
1297 820 1301 823 ’

179 920 219 977 Μ.
257 919 427 994 Marcellus,
461 919 510 997 qui
544 919 724 995 primus..
776 920 854 995 apud
875 917 986 977 Nolam
1007 917 1200 977 Hannibalem
1224 920 1361 996 primus

142 1013 337 1072 Hannibalem
358 1014 456 1072 vinci
544 1014 679 1073 docuit.
775 1014 903 1072 locorum
934 1014 1070 1090 angustia
1110 1013 1228 1072 adiutus
1268 1015 1360 1072 vinci

776 1108 907 1166 docuit

202 1253 267 1312 vat.
290 1253 368 1312 Max.
389 1253 441 1328 IV,
464 1256 489 1328 1,
514 1255 547 1312 13
569 1274 595 1331 p.
611 1253 664 1313 321
860 1261 935 1314 auct.
956 1255 992 1312 de
1012 1253 1064 1311 vir.
1087 1253 1127 1313 ill.
1147 1253 1279 1313 LXVIII

208 1365 276 1427 val.
296 1366 376 1425 Max.
397 1364 449 1437 IV,
473 1366 499 1440 3,
519 1367 538 1424 4
558 1387 586 1443 p.
601 1367 659 1425 334
886 1373 960 1425 auch
981 1366 1016 1424 de
1038 1366 1090 1424 vir.
1111 1365 1153 1423 ill.
1174 1366 1249 1425 XIX

181 1477 380 1555 [Coriolanus]
402 1476 473 1535 nihil
494 1483 610 1554 praeter
640 1478 725 1536 unius
817 1477 1015 1554 [Coriolanus]
1048 1497 1153 1554 equum
1189 1485 1299 1537 tantum
1333 1489 1362 1536 et

139 1572 265 1651 hospitis
285 1570 392 1648 captivi
412 1570 537 1629 salutem
551 1590 726 1648 equumque,
776 1572 920 1649 hospitem
940 1573 1073 1650 sumpsit.
1242 1576 1244 1584 ’

139 1667 251 1744 quoin
271 1667 333 1724 acie
357 1670 495 1740 uteretur,
525 1667 656 1744 accipere
676 1685 726 1723 ro·

139 1760 202 1819 luit.

212 1904 279 1964 Val.
299 1906 378 1964 Max.
400 1906 436 1980 V,
457 1908 485 1982 4,
506 1907 523 1964 3
543 1926 572 1982 p.
587 1905 644 1964 422
854 1913 930 1965 auct.
951 1907 986 1965 de
1007 1907 1058 1965 vir.
1078 1905 1121 1964 ill.
1141 1905 1281 1965 XXVIII

183 2017 250 2078 Val.
272 2018 352 2076 Max.
373 2017 427 2093 VI,
448 2018 475 2093 2,
496 2019 513 2076 3
535 2037 563 2096 p.
579 2018 645 2092 472,
666 2020 684 2077 5
871 2029 948 2077 auct.
969 2020 1004 2076 de
1024 2017 1077 2075 111.
1098 2017 1139 2076 111.
1160 2017 1261 2077 LVIII

150 2128 217 2216 Vul.
238 2130 318 2190 Max.
340 2130 408 2205 VII,
429 2129 456 2205 2,
477 2137 535 2190 ext.
559 2132 594 2189 17
616 2150 643 2207 p.
659 2130 715 2191 549
878 2141 952 2190 auct.
975 2131 1011 2190 de
1032 2131 1085 2189 vir.
1105 2130 1148 2188 ill.
1171 2130 1262 2189 XXX

181 2240 369 2318 [Herennius]
392 2242 540 2301 consultus
564 2243 725 2319 quidnam
819 2239 938 2302 Pontius
968 2243 1090 2301 accitum
1111 2243 1289 2301 Herennium
1315 2263 1361 2302 ro-

138 2335 228 2394 fieri
247 2336 411 2413 placeret
441 2337 531 2397 deleri
561 2356 612 2396 eos
641 2357 726 2414 opor·
777 2337 865 2413 gavit,
885 2337 970 2414 quid
990 2337 1075 2395 fieri
1099 2337 1272 2415 placeret.
1313 2339 1362 2396 ille

138 2441 202 2488 tere
231 2431 309 2491 dixit
329 2442 360 2489 ut
379 2438 430 2490 aut
461 2433 589 2490 maximo
620 2434 727 2492 bene·
778 2431 828 2504 ait,
850 2441 900 2489 aut
912 2450 1011 2491 omnes
1025 2432 1197 2491 occidendos
1212 2445 1242 2490 ut
1261 2433 1361 2492 vires

137 2525 229 2584 ficio
248 2525 345 2602 gratia
363 2525 492 2585 hostium
515 2535 657 2586 emeretur
678 2540 728 2586 aut
777 2523 1030 2601 frangerentur
1056 2533 1108 2585 aut
1134 2545 1234 2585 omnes
1264 2526 1362 2584 dimit·

137 2619 315 2696 grarissima
328 2620 440 2679 iactura
460 2621 555 2680 vires
575 2622 727 2681 confrin·
777 2621 883 2679 tendes
905 2631 936 2678 ut
954 2622 1132 2681 beneficio
1158 2621 1362 2699 obligarentur.

137 2723 316 2791 gerentur.

199 2858 265 2918 Val.
287 2861 366 2920 Max.
388 2859 454 2934 VII,
475 2862 503 2932 4,
525 2862 542 2921 5
563 2880 591 2939 p.
607 2861 663 2920 569
887 2866 962 2918 auct.
983 2860 1020 2919 de
1041 2860 1093 2920 vir.
1114 2860 1157 2921 ill.
1178 2860 1246 2920 LXI

168 2971 231 3029 val.
253 2973 332 3031 Max.
353 2971 409 3047 IX,
430 2972 457 3046 2,
478 2979 538 3033 ext.
561 2975 575 3031 1
597 2991 627 3049 p.
643 2974 700 3032 685
873 2979 950 3031 auct.
971 2972 1008 3031 de
1028 2973 1082 3031 111.
1103 2972 1144 3033 ill.
1165 2971 1232 3047 XL,
1253 2974 1272 3031 4

182 3083 437 3162 Carthaginienses
448 3085 571 3142 Atilium
582 3085 725 3162 Regulum
818 3083 953 3160 [Atilius]
992 3084 1132 3162 vigiliis
1163 3104 1203 3144 ac
1235 3083 1363 3143 dolore

215 3179 412 3256 vigilantia
442 3180 552 3254 pariter
581 3187 611 3238 et
642 3199 727 3238 con·
778 3179 896 3255 punitus
916 3188 967 3237 est.

140 3272 244 3331 tinuo
278 3279 396 3331 tractu
435 3273 573 3333 doloris
606 3293 727 3335 necave-

140 3373 219 3425 runt.

213 3511 280 3573 Val.
300 3513 371 3572 Max
399 3513 451 3589 lx,
472 3516 500 3589 4,
520 3517 538 3574 3
558 3534 587 3592 p.
603 3516 659 3574 698
859 3515 936 3573 auct.
957 3513 994 3572 de
1014 3512 1066 3570 vir.
1087 3512 1128 3572 ill.
1150 3511 1245 3586 LXV,
1267 3513 1284 3572 6

209 3624 275 3684 vat.
297 3625 376 3684 Max.
395 3625 451 3701 IX,
473 3625 538 3712 5,2
559 3646 587 3704 p.
603 3627 659 3686 699
853 3633 928 3686 auct.
949 3625 985 3682 de
1005 3624 1058 3682 vir.
1078 3622 1119 3683 ill.
1140 3623 1251 3693 LXVI,
1273 3626 1290 3683 9

181 3735 272 3794 Parvi
305 3737 409 3796 habuit
445 3738 497 3812 [M.
533 3738 659 3814 Drusus]
693 3738 726 3797 L.
817 3735 980 3812 Philippo¹)
1005 3736 1117 3793 consuli
1143 3736 1255 3811 legibus
1280 3757 1362 3815 agra·

142 3829 310 3909 Philippum
332 3833 480 3890 consulem
500 3833 570 3909 quia
597 3833 728 3891 interfari
778 3830 831 3889 riis
851 3830 1000 3889 resistenti
1019 3829 1061 3888 ita
1080 3830 1186 3890 collum
1201 3832 1231 3888 in
1246 3833 1362 3890 comitio

143 3942 175 3981 se
196 3924 411 3985 contionantem
432 3945 522 3984 susus
543 3927 644 4000 fuerat,
666 3929 727 3986 ob·
779 3923 955 3998 obtorsit,
999 3932 1032 3981 ut
1074 3924 1208 3982 multus
1242 3928 1360 4003 sanguis

143 4027 241 4076 torta
260 4019 328 4096 gula
422 4020 495 4078 adeo
527 4020 667 4080 violenter
696 4023 727 4081 in
778 4020 909 4078 efflueret
929 4039 945 4076 e
966 4020 1125 4078 northus.

143 4131 286 4171 carcerem
327 4115 517 4191 praecipitem
554 4115 663 4192 egisse,
695 4122 729 4174 ut

143 4207 277 4266 multus
308 4227 325 4266 a
361 4209 507 4267 naribus
540 4209 601 4268 eius
641 4228 726 4268 cruor

143 4301 372 4376 profunderetur.

214 4488 239 4551 1)
260 4484 298 4536 lta
317 4485 407 4538 scribit
425 4485 480 4538 cod.
501 4485 531 4540 B.
