<?xml version="1.0" encoding="UTF-8"?>
<!DOCTYPE html PUBLIC "-//W3C//DTD XHTML 1.0 Transitional//EN"
    "http://www.w3.org/TR/xhtml1/DTD/xhtml1-transitional.dtd">
<html xmlns="http://www.w3.org/1999/xhtml" xml:lang="en" lang="en">
 <head>
  <title>
</title>
<meta http-equiv="Content-Type" content="text/html;charset=utf-8" />
  <meta name='ocr-system' content='tesseract 3.04.00' />
  <meta name='ocr-capabilities' content='ocr_page ocr_carea ocr_par ocr_line ocrx_word'/>
</head>
<body>
  <div class='ocr_page' id='page_1' title='image "./delibroquiinscr00hildgoog_0059.png"; bbox 0 0 3218 5174; ppageno 0'>
   <div class='ocr_carea' id='block_1_1' title="bbox 830 411 872 475">
    <p class='ocr_par' dir='ltr' id='par_1_1' title="bbox 830 411 872 475">
     <span class='ocr_line' id='line_1_1' title="bbox 830 411 872 475; baseline 0.024 -1"><span class='ocrx_word' id='word_1_1' title='bbox 830 411 872 475; x_wconf 76' lang='lat'>54</span> 
     </span>
    </p>
   </div>
   <div class='ocr_carea' id='block_1_2' title="bbox 236 609 1479 697">
    <p class='ocr_par' dir='ltr' id='par_1_2' title="bbox 236 609 1479 697">
     <span class='ocr_line' id='line_1_2' title="bbox 236 609 1479 697; baseline -0.003 -19"><span class='ocrx_word' id='word_1_2' title='bbox 236 609 387 687; x_wconf 80' lang='lat' dir='ltr'>traditum</span> <span class='ocrx_word' id='word_1_3' title='bbox 409 633 491 691; x_wconf 84' lang='lat' dir='ltr'>esse:</span> <span class='ocrx_word' id='word_1_4' title='bbox 527 611 619 688; x_wconf 84' lang='lat' dir='ltr'>aliam</span> <span class='ocrx_word' id='word_1_5' title='bbox 644 633 718 678; x_wconf 87' lang='lat' dir='ltr'>sane</span> <span class='ocrx_word' id='word_1_6' title='bbox 740 635 808 678; x_wconf 91' lang='lat' dir='ltr'>rem</span> <span class='ocrx_word' id='word_1_7' title='bbox 829 611 964 678; x_wconf 82' lang='lat' dir='ltr'>futuram</span> <span class='ocrx_word' id='word_1_8' title='bbox 989 619 1067 692; x_wconf 84' lang='lat' dir='ltr'>esse,</span> <span class='ocrx_word' id='word_1_9' title='bbox 1096 611 1309 697; x_wconf 77' lang='lat' dir='ltr'>si&#39;lege&#39;retur&#39;</span> <span class='ocrx_word' id='word_1_10' title='bbox 1331 611 1479 697; x_wconf 81' lang='lat' dir='ltr'>,incipit</span> 
     </span>
    </p>
   </div>
   <div class='ocr_carea' id='block_1_3' title="bbox 237 711 1585 800">
    <p class='ocr_par' dir='ltr' id='par_1_3' title="bbox 237 711 1585 800">
     <span class='ocr_line' id='line_1_3' title="bbox 237 711 1585 800; baseline -0.001 -22"><span class='ocrx_word' id='word_1_11' title='bbox 237 713 336 778; x_wconf 87' lang='lat' dir='ltr'>altera</span> <span class='ocrx_word' id='word_1_12' title='bbox 358 713 477 792; x_wconf 75' lang='lat' dir='ltr'>Aurelii</span> <span class='ocrx_word' id='word_1_13' title='bbox 499 713 666 795; x_wconf 87' lang='lat' dir='ltr'>Victoris“‚</span> <span class='ocrx_word' id='word_1_14' title='bbox 690 713 746 778; x_wconf 91' lang='lat' dir='ltr'>sed</span> <span class='ocrx_word' id='word_1_15' title='bbox 767 713 860 778; x_wconf 90' lang='lat' dir='ltr'>facile</span> <span class='ocrx_word' id='word_1_16' title='bbox 882 735 1033 800; x_wconf 85' lang='lat' dir='ltr'>apparere</span> <span class='ocrx_word' id='word_1_17' title='bbox 1051 711 1170 777; x_wconf 81' lang='lat' dir='ltr'>Aurelii</span> <span class='ocrx_word' id='word_1_18' title='bbox 1193 735 1306 778; x_wconf 88' lang='lat' dir='ltr'>vocem</span> <span class='ocrx_word' id='word_1_19' title='bbox 1329 735 1479 798; x_wconf 90' lang='lat' dir='ltr'>corrup·</span> <span class='ocrx_word' id='word_1_20' title='bbox 1584 781 1585 798; x_wconf 40' lang='lat'>,</span> 
     </span>
    </p>
   </div>
   <div class='ocr_carea' id='block_1_4' title="bbox 237 812 1476 902">
    <p class='ocr_par' dir='ltr' id='par_1_4' title="bbox 237 812 1476 902">
     <span class='ocr_line' id='line_1_4' title="bbox 237 812 1476 902; baseline 0 -25"><span class='ocrx_word' id='word_1_21' title='bbox 237 825 303 878; x_wconf 91' lang='lat' dir='ltr'>tam</span> <span class='ocrx_word' id='word_1_22' title='bbox 318 835 397 892; x_wconf 89' lang='lat' dir='ltr'>esse,</span> <span class='ocrx_word' id='word_1_23' title='bbox 422 814 570 901; x_wconf 86' lang='lat' dir='ltr'>scriptum</span> <span class='ocrx_word' id='word_1_24' title='bbox 591 826 697 880; x_wconf 91' lang='lat' dir='ltr'>autem</span> <span class='ocrx_word' id='word_1_25' title='bbox 712 815 809 880; x_wconf 87' lang='lat' dir='ltr'>luisse</span> <span class='ocrx_word' id='word_1_26' title='bbox 826 815 956 902; x_wconf 88' lang='lat' dir='ltr'>„incipit</span> <span class='ocrx_word' id='word_1_27' title='bbox 970 814 1115 892; x_wconf 55' lang='lat' dir='ltr'>alteras)</span> <span class='ocrx_word' id='word_1_28' title='bbox 1149 813 1299 878; x_wconf 84' lang='lat' dir='ltr'>Aurelius</span> <span class='ocrx_word' id='word_1_29' title='bbox 1316 812 1476 879; x_wconf 87' lang='lat' dir='ltr'>Victor.“</span> 
     </span>
    </p>
   </div>
   <div class='ocr_carea' id='block_1_5' title="bbox 323 914 1585 998">
    <p class='ocr_par' dir='ltr' id='par_1_5' title="bbox 323 914 1585 998">
     <span class='ocr_line' id='line_1_5' title="bbox 323 914 1585 998; baseline 0 -19"><span class='ocrx_word' id='word_1_30' title='bbox 323 914 413 997; x_wconf 82' lang='lat' dir='ltr'>Quae</span> <span class='ocrx_word' id='word_1_31' title='bbox 444 936 515 980; x_wconf 90' lang='lat' dir='ltr'>cum</span> <span class='ocrx_word' id='word_1_32' title='bbox 543 915 588 994; x_wconf 82' lang='lat' dir='ltr'>ita</span> <span class='ocrx_word' id='word_1_33' title='bbox 615 916 691 998; x_wconf 87' lang='lat' dir='ltr'>sint,</span> <span class='ocrx_word' id='word_1_34' title='bbox 727 916 838 982; x_wconf 91' lang='lat' dir='ltr'>librum</span> <span class='ocrx_word' id='word_1_35' title='bbox 864 927 1008 984; x_wconf 84' lang='lat' dir='ltr'>nostrum</span> <span class='ocrx_word' id='word_1_36' title='bbox 1037 914 1159 980; x_wconf 82' lang='lat' dir='ltr'>Victori</span> <span class='ocrx_word' id='word_1_37' title='bbox 1186 915 1340 980; x_wconf 85' lang='lat' dir='ltr'>vindicari</span> <span class='ocrx_word' id='word_1_38' title='bbox 1372 916 1477 980; x_wconf 88' lang='lat' dir='ltr'>nullo</span> <span class='ocrx_word' id='word_1_39' title='bbox 1584 921 1585 928; x_wconf 76' lang='grc'>’</span> 
     </span>
    </p>
   </div>
   <div class='ocr_carea' id='block_1_6' title="bbox 233 1015 1585 2220">
    <p class='ocr_par' dir='ltr' id='par_1_6' title="bbox 237 1015 1585 1206">
     <span class='ocr_line' id='line_1_6' title="bbox 237 1015 1585 1105; baseline -0.001 -23"><span class='ocrx_word' id='word_1_40' title='bbox 237 1026 329 1105; x_wconf 87' lang='lat' dir='ltr'>pacto</span> <span class='ocrx_word' id='word_1_41' title='bbox 352 1027 595 1082; x_wconf 80' lang='lat' dir='ltr'>consentaneum</span> <span class='ocrx_word' id='word_1_42' title='bbox 618 1029 674 1098; x_wconf 86' lang='lat' dir='ltr'>est,</span> <span class='ocrx_word' id='word_1_43' title='bbox 702 1027 796 1104; x_wconf 88' lang='lat' dir='ltr'>atque</span> <span class='ocrx_word' id='word_1_44' title='bbox 819 1017 889 1104; x_wconf 90' lang='lat' dir='ltr'>quis</span> <span class='ocrx_word' id='word_1_45' title='bbox 918 1029 1021 1084; x_wconf 89' lang='lat' dir='ltr'>tamen</span> <span class='ocrx_word' id='word_1_46' title='bbox 1050 1025 1159 1082; x_wconf 78' lang='lat' dir='ltr'>auctor</span> <span class='ocrx_word' id='word_1_47' title='bbox 1186 1015 1271 1080; x_wconf 91' lang='lat' dir='ltr'>illius</span> <span class='ocrx_word' id='word_1_48' title='bbox 1300 1017 1477 1104; x_wconf 89' lang='lat' dir='ltr'>putandus</span> <span class='ocrx_word' id='word_1_49' title='bbox 1584 1071 1585 1102; x_wconf 65' lang='lat'>,</span> 
     </span>
     <span class='ocr_line' id='line_1_7' title="bbox 238 1103 1585 1206; baseline -0.004 -22"><span class='ocrx_word' id='word_1_50' title='bbox 238 1119 287 1201; x_wconf 89' lang='lat' dir='ltr'>sit,</span> <span class='ocrx_word' id='word_1_51' title='bbox 310 1119 343 1184; x_wconf 94' lang='lat' dir='ltr'>in</span> <span class='ocrx_word' id='word_1_52' title='bbox 365 1118 425 1183; x_wconf 89' lang='lat' dir='ltr'>hac</span> <span class='ocrx_word' id='word_1_53' title='bbox 447 1128 536 1182; x_wconf 86' lang='lat' dir='ltr'>tanta</span> <span class='ocrx_word' id='word_1_54' title='bbox 558 1118 806 1184; x_wconf 73' lang='lat' dir='ltr'>testimoniorum</span> <span class='ocrx_word' id='word_1_55' title='bbox 829 1117 961 1206; x_wconf 90' lang='lat' dir='ltr'>penuria</span> <span class='ocrx_word' id='word_1_56' title='bbox 983 1117 1045 1181; x_wconf 87' lang='lat' dir='ltr'>dici</span> <span class='ocrx_word' id='word_1_57' title='bbox 1066 1139 1131 1182; x_wconf 92' lang='lat' dir='ltr'>non</span> <span class='ocrx_word' id='word_1_58' title='bbox 1152 1127 1267 1205; x_wconf 88' lang='lat' dir='ltr'>potest.</span> <span class='ocrx_word' id='word_1_59' title='bbox 1584 1103 1585 1140; x_wconf 65' lang='lat'><em>³</em></span> 
     </span>
    </p>

    <p class='ocr_par' dir='ltr' id='par_1_7' title="bbox 233 1218 1476 2220">
     <span class='ocr_line' id='line_1_8' title="bbox 323 1218 1473 1307; baseline -0.001 -22"><span class='ocrx_word' id='word_1_60' title='bbox 323 1219 419 1302; x_wconf 80' lang='lat' dir='ltr'>Quod</span> <span class='ocrx_word' id='word_1_61' title='bbox 442 1220 590 1305; x_wconf 87' lang='lat' dir='ltr'>quoniam</span> <span class='ocrx_word' id='word_1_62' title='bbox 612 1242 652 1285; x_wconf 95' lang='lat' dir='ltr'>ne</span> <span class='ocrx_word' id='word_1_63' title='bbox 675 1243 789 1284; x_wconf 89' lang='lat' dir='ltr'>nomen</span> <span class='ocrx_word' id='word_1_64' title='bbox 812 1220 939 1307; x_wconf 89' lang='lat' dir='ltr'>quidem</span> <span class='ocrx_word' id='word_1_65' title='bbox 963 1218 1100 1284; x_wconf 88' lang='lat' dir='ltr'>auctoris</span> <span class='ocrx_word' id='word_1_66' title='bbox 1115 1219 1274 1304; x_wconf 84' lang='lat' dir='ltr'>cognitum</span> <span class='ocrx_word' id='word_1_67' title='bbox 1290 1218 1473 1301; x_wconf 74' lang='lat' dir='ltr'>habemuse,</span> 
     </span>
     <span class='ocr_line' id='line_1_9' title="bbox 239 1319 1475 1408; baseline 0 -22"><span class='ocrx_word' id='word_1_68' title='bbox 239 1331 411 1408; x_wconf 86' lang='lat' dir='ltr'>augescunt</span> <span class='ocrx_word' id='word_1_69' title='bbox 437 1320 510 1385; x_wconf 90' lang='lat' dir='ltr'>illae</span> <span class='ocrx_word' id='word_1_70' title='bbox 538 1319 749 1398; x_wconf 86' lang='lat' dir='ltr'>difficultates,</span> <span class='ocrx_word' id='word_1_71' title='bbox 784 1321 817 1385; x_wconf 92' lang='lat' dir='ltr'>in</span> <span class='ocrx_word' id='word_1_72' title='bbox 846 1322 961 1408; x_wconf 93' lang='lat' dir='ltr'>quibus</span> <span class='ocrx_word' id='word_1_73' title='bbox 989 1341 1159 1398; x_wconf 84' lang='lat' dir='ltr'>versamur,</span> <span class='ocrx_word' id='word_1_74' title='bbox 1194 1319 1230 1400; x_wconf 93' lang='lat' dir='ltr'>si,</span> <span class='ocrx_word' id='word_1_75' title='bbox 1265 1343 1328 1406; x_wconf 90' lang='lat' dir='ltr'>qua</span> <span class='ocrx_word' id='word_1_76' title='bbox 1355 1332 1475 1386; x_wconf 81' lang='lat' dir='ltr'>aetate</span> 
     </span>
     <span class='ocr_line' id='line_1_10' title="bbox 238 1419 1476 1510; baseline 0 -22"><span class='ocrx_word' id='word_1_77' title='bbox 238 1424 323 1504; x_wconf 86' lang='lat' dir='ltr'>liber</span> <span class='ocrx_word' id='word_1_78' title='bbox 339 1431 447 1492; x_wconf 89' lang='lat' dir='ltr'>noster</span> <span class='ocrx_word' id='word_1_79' title='bbox 469 1421 604 1508; x_wconf 87' lang='lat' dir='ltr'>scriptus</span> <span class='ocrx_word' id='word_1_80' title='bbox 634 1421 685 1504; x_wconf 87' lang='lat' dir='ltr'>sit,</span> <span class='ocrx_word' id='word_1_81' title='bbox 715 1422 887 1488; x_wconf 90' lang='lat' dir='ltr'>diiudicare</span> <span class='ocrx_word' id='word_1_82' title='bbox 915 1419 1085 1486; x_wconf 76' lang='lat' dir='ltr'>studemus.</span> <span class='ocrx_word' id='word_1_83' title='bbox 1131 1443 1233 1507; x_wconf 90' lang='lat' dir='ltr'>neque</span> <span class='ocrx_word' id='word_1_84' title='bbox 1261 1422 1347 1487; x_wconf 88' lang='lat' dir='ltr'>enim</span> <span class='ocrx_word' id='word_1_85' title='bbox 1373 1423 1476 1510; x_wconf 87' lang='lat' dir='ltr'>quis-</span> 
     </span>
     <span class='ocr_line' id='line_1_11' title="bbox 239 1521 1472 1611; baseline -0.001 -21"><span class='ocrx_word' id='word_1_86' title='bbox 239 1547 334 1611; x_wconf 91' lang='lat' dir='ltr'>quam</span> <span class='ocrx_word' id='word_1_87' title='bbox 361 1525 539 1608; x_wconf 78' lang='lat' dir='ltr'>veterum²)</span> <span class='ocrx_word' id='word_1_88' title='bbox 573 1523 761 1609; x_wconf 89' lang='lat' dir='ltr'>scriptorum</span> <span class='ocrx_word' id='word_1_89' title='bbox 795 1525 860 1590; x_wconf 87' lang='lat' dir='ltr'>eius</span> <span class='ocrx_word' id='word_1_90' title='bbox 895 1521 1084 1588; x_wconf 87' lang='lat' dir='ltr'>mentionem</span> <span class='ocrx_word' id='word_1_91' title='bbox 1116 1522 1192 1587; x_wconf 88' lang='lat' dir='ltr'>facit</span> <span class='ocrx_word' id='word_1_92' title='bbox 1222 1545 1326 1609; x_wconf 88' lang='lat' dir='ltr'>neque</span> <span class='ocrx_word' id='word_1_93' title='bbox 1360 1524 1472 1589; x_wconf 90' lang='lat' dir='ltr'>ullum</span> 
     </span>
     <span class='ocr_line' id='line_1_12' title="bbox 233 1623 1473 1714; baseline -0.003 -20"><span class='ocrx_word' id='word_1_94' title='bbox 233 1626 283 1714; x_wconf 67' lang='lat' dir='ltr'>‚ibi</span> <span class='ocrx_word' id='word_1_95' title='bbox 308 1633 412 1690; x_wconf 87' lang='lat' dir='ltr'>exstat</span> <span class='ocrx_word' id='word_1_96' title='bbox 432 1624 655 1704; x_wconf 90' lang='lat' dir='ltr'>testimonium,</span> <span class='ocrx_word' id='word_1_97' title='bbox 684 1624 775 1705; x_wconf 90' lang='lat' dir='ltr'>unde,</span> <span class='ocrx_word' id='word_1_98' title='bbox 804 1624 929 1712; x_wconf 91' lang='lat' dir='ltr'>quando</span> <span class='ocrx_word' id='word_1_99' title='bbox 952 1633 1061 1687; x_wconf 80' lang='lat' dir='ltr'>auctor</span> <span class='ocrx_word' id='word_1_100' title='bbox 1081 1635 1188 1688; x_wconf 86' lang='lat' dir='ltr'>noster</span> <span class='ocrx_word' id='word_1_101' title='bbox 1208 1623 1313 1707; x_wconf 83' lang='lat' dir='ltr'>fuerit,</span> <span class='ocrx_word' id='word_1_102' title='bbox 1340 1625 1473 1712; x_wconf 89' lang='lat' dir='ltr'>liquide</span> 
     </span>
     <span class='ocr_line' id='line_1_13' title="bbox 240 1723 1473 1815; baseline 0 -24"><span class='ocrx_word' id='word_1_103' title='bbox 240 1736 270 1791; x_wconf 89' lang='lat' dir='ltr'>et</span> <span class='ocrx_word' id='word_1_104' title='bbox 283 1725 466 1809; x_wconf 89' lang='lat' dir='ltr'>luculenter</span> <span class='ocrx_word' id='word_1_105' title='bbox 487 1735 647 1811; x_wconf 85' lang='lat' dir='ltr'>appareat.</span> <span class='ocrx_word' id='word_1_106' title='bbox 693 1737 877 1813; x_wconf 87' lang='lat' dir='ltr'>argumenta</span> <span class='ocrx_word' id='word_1_107' title='bbox 899 1735 1004 1789; x_wconf 88' lang='lat' dir='ltr'>autem</span> <span class='ocrx_word' id='word_1_108' title='bbox 1027 1745 1044 1787; x_wconf 92' lang='lat' dir='ltr'>e</span> <span class='ocrx_word' id='word_1_109' title='bbox 1069 1723 1205 1789; x_wconf 86' lang='lat' dir='ltr'>dictione</span> <span class='ocrx_word' id='word_1_110' title='bbox 1229 1726 1390 1814; x_wconf 86' lang='lat' dir='ltr'>scriptoris</span> <span class='ocrx_word' id='word_1_111' title='bbox 1407 1751 1473 1815; x_wconf 86' lang='lat' dir='ltr'>pe-</span> 
     </span>
     <span class='ocr_line' id='line_1_14' title="bbox 239 1819 1469 1912; baseline -0.001 -19"><span class='ocrx_word' id='word_1_112' title='bbox 239 1829 296 1911; x_wconf 82' lang='lat' dir='ltr'>tita</span> <span class='ocrx_word' id='word_1_113' title='bbox 317 1827 483 1892; x_wconf 84' lang='lat' dir='ltr'>incertiora</span> <span class='ocrx_word' id='word_1_114' title='bbox 516 1819 590 1890; x_wconf 83' lang='lat' dir='ltr'>mihi</span> <span class='ocrx_word' id='word_1_115' title='bbox 620 1827 764 1894; x_wconf 88' lang='lat' dir='ltr'>videntur</span> <span class='ocrx_word' id='word_1_116' title='bbox 792 1850 870 1908; x_wconf 88' lang='lat' dir='ltr'>esse,</span> <span class='ocrx_word' id='word_1_117' title='bbox 903 1849 998 1912; x_wconf 89' lang='lat' dir='ltr'>quam</span> <span class='ocrx_word' id='word_1_118' title='bbox 1024 1824 1138 1908; x_wconf 92' lang='lat' dir='ltr'>quibus</span> <span class='ocrx_word' id='word_1_119' title='bbox 1167 1825 1242 1892; x_wconf 90' lang='lat' dir='ltr'>solis</span> <span class='ocrx_word' id='word_1_120' title='bbox 1269 1828 1328 1892; x_wconf 90' lang='lat' dir='ltr'>niti</span> <span class='ocrx_word' id='word_1_121' title='bbox 1354 1828 1469 1894; x_wconf 88' lang='lat' dir='ltr'>liceat.</span> 
     </span>
     <span class='ocr_line' id='line_1_15' title="bbox 240 1927 1472 2016; baseline 0.001 -22"><span class='ocrx_word' id='word_1_122' title='bbox 240 1951 337 2016; x_wconf 85' lang='lat' dir='ltr'>quare</span> <span class='ocrx_word' id='word_1_123' title='bbox 365 1927 428 1993; x_wconf 91' lang='lat' dir='ltr'>nisi</span> <span class='ocrx_word' id='word_1_124' title='bbox 453 1928 525 1992; x_wconf 88' lang='lat' dir='ltr'>latis</span> <span class='ocrx_word' id='word_1_125' title='bbox 554 1928 670 1996; x_wconf 88' lang='lat' dir='ltr'>finibus</span> <span class='ocrx_word' id='word_1_126' title='bbox 699 1931 836 1996; x_wconf 83' lang='lat' dir='ltr'>auctoris</span> <span class='ocrx_word' id='word_1_127' title='bbox 863 1927 963 1992; x_wconf 84' lang='lat' dir='ltr'>nostri</span> <span class='ocrx_word' id='word_1_128' title='bbox 990 1935 1124 1990; x_wconf 87' lang='lat' dir='ltr'>aetatem</span> <span class='ocrx_word' id='word_1_129' title='bbox 1151 1927 1295 2012; x_wconf 88' lang='lat' dir='ltr'>equidem</span> <span class='ocrx_word' id='word_1_130' title='bbox 1325 1931 1472 1995; x_wconf 88' lang='lat' dir='ltr'>circum-</span> 
     </span>
     <span class='ocr_line' id='line_1_16' title="bbox 239 2027 1471 2118; baseline -0.002 -20"><span class='ocrx_word' id='word_1_131' title='bbox 239 2032 377 2114; x_wconf 81' lang='lat' dir='ltr'>scribere</span> <span class='ocrx_word' id='word_1_132' title='bbox 412 2029 513 2094; x_wconf 91' lang='lat' dir='ltr'>audeo</span> <span class='ocrx_word' id='word_1_133' title='bbox 554 2030 649 2095; x_wconf 92' lang='lat' dir='ltr'>nullis</span> <span class='ocrx_word' id='word_1_134' title='bbox 683 2043 848 2118; x_wconf 86' lang='lat' dir='ltr'>statuoque</span> <span class='ocrx_word' id='word_1_135' title='bbox 881 2053 950 2096; x_wconf 90' lang='lat' dir='ltr'>eum</span> <span class='ocrx_word' id='word_1_136' title='bbox 985 2038 1056 2115; x_wconf 87' lang='lat' dir='ltr'>post</span> <span class='ocrx_word' id='word_1_137' title='bbox 1088 2027 1290 2094; x_wconf 88' lang='lat' dir='ltr'>Hadrianum</span> <span class='ocrx_word' id='word_1_138' title='bbox 1322 2039 1355 2095; x_wconf 89' lang='lat' dir='ltr'>et</span> <span class='ocrx_word' id='word_1_139' title='bbox 1388 2042 1471 2096; x_wconf 87' lang='lat' dir='ltr'>ante</span> 
     </span>
     <span class='ocr_line' id='line_1_17' title="bbox 240 2130 1472 2220; baseline -0.002 -21"><span class='ocrx_word' id='word_1_140' title='bbox 240 2134 423 2220; x_wconf 86' lang='lat' dir='ltr'>scriptorem</span> <span class='ocrx_word' id='word_1_141' title='bbox 445 2130 552 2211; x_wconf 87' lang='lat' dir='ltr'>libelli,</span> <span class='ocrx_word' id='word_1_142' title='bbox 578 2132 630 2217; x_wconf 92' lang='lat' dir='ltr'>qui</span> <span class='ocrx_word' id='word_1_143' title='bbox 653 2133 834 2198; x_wconf 88' lang='lat' dir='ltr'>inscribitur</span> <span class='ocrx_word' id='word_1_144' title='bbox 849 2132 888 2198; x_wconf 90' lang='lat' dir='ltr'>de</span> <span class='ocrx_word' id='word_1_145' title='bbox 904 2132 1024 2216; x_wconf 87' lang='lat' dir='ltr'>origiue</span> <span class='ocrx_word' id='word_1_146' title='bbox 1039 2131 1141 2214; x_wconf 81' lang='lat' dir='ltr'>gentis</span> <span class='ocrx_word' id='word_1_147' title='bbox 1156 2131 1326 2211; x_wconf 86' lang='lat' dir='ltr'>Romanae,</span> <span class='ocrx_word' id='word_1_148' title='bbox 1343 2131 1472 2196; x_wconf 88' lang='lat' dir='ltr'>librum</span> 
     </span>
    </p>
   </div>
   <div class='ocr_carea' id='block_1_7' title="bbox 241 2231 1585 2324">
    <p class='ocr_par' dir='ltr' id='par_1_8' title="bbox 241 2231 1585 2324">
     <span class='ocr_line' id='line_1_18' title="bbox 241 2231 1585 2324; baseline -0.003 -23"><span class='ocrx_word' id='word_1_149' title='bbox 241 2258 332 2300; x_wconf 88' lang='lat' dir='ltr'>suum</span> <span class='ocrx_word' id='word_1_150' title='bbox 364 2231 586 2324; x_wconf 83' lang='lat' dir='ltr'>composuisse.</span> <span class='ocrx_word' id='word_1_151' title='bbox 613 2233 743 2316; x_wconf 88' lang='lat' dir='ltr'>etenim</span> <span class='ocrx_word' id='word_1_152' title='bbox 778 2257 850 2299; x_wconf 93' lang='lat' dir='ltr'>cum</span> <span class='ocrx_word' id='word_1_153' title='bbox 883 2245 1039 2310; x_wconf 84' lang='lat' dir='ltr'>auctorem</span> <span class='ocrx_word' id='word_1_154' title='bbox 1073 2231 1171 2315; x_wconf 90' lang='lat' dir='ltr'>illum,</span> <span class='ocrx_word' id='word_1_155' title='bbox 1205 2235 1253 2308; x_wconf 91' lang='lat' dir='ltr'>cui</span> <span class='ocrx_word' id='word_1_156' title='bbox 1281 2234 1399 2300; x_wconf 88' lang='lat' dir='ltr'>Noster</span> <span class='ocrx_word' id='word_1_157' title='bbox 1435 2245 1471 2298; x_wconf 90' lang='lat' dir='ltr'>et</span> <span class='ocrx_word' id='word_1_158' title='bbox 1584 2247 1585 2286; x_wconf 74' lang='lat'>1</span> 
     </span>
    </p>
   </div>
   <div class='ocr_carea' id='block_1_8' title="bbox 240 2320 1470 3437">
    <p class='ocr_par' dir='ltr' id='par_1_9' title="bbox 240 2320 1470 3437">
     <span class='ocr_line' id='line_1_19' title="bbox 243 2320 1470 2423; baseline -0.002 -23"><span class='ocrx_word' id='word_1_159' title='bbox 243 2320 407 2423; x_wconf 39' lang='lat' dir='ltr'>Amp&#39;elius</span> <span class='ocrx_word' id='word_1_160' title='bbox 431 2355 487 2397; x_wconf 89' lang='lat' dir='ltr'>sua</span> <span class='ocrx_word' id='word_1_161' title='bbox 510 2332 671 2416; x_wconf 90' lang='lat' dir='ltr'>deberent,</span> <span class='ocrx_word' id='word_1_162' title='bbox 694 2335 781 2400; x_wconf 90' lang='lat' dir='ltr'>Flori</span> <span class='ocrx_word' id='word_1_163' title='bbox 804 2337 939 2422; x_wconf 86' lang='lat' dir='ltr'>epitome</span> <span class='ocrx_word' id='word_1_164' title='bbox 962 2357 1052 2400; x_wconf 90' lang='lat' dir='ltr'>usum</span> <span class='ocrx_word' id='word_1_165' title='bbox 1076 2356 1146 2400; x_wconf 90' lang='lat' dir='ltr'>esse</span> <span class='ocrx_word' id='word_1_166' title='bbox 1169 2357 1264 2423; x_wconf 93' lang='lat' dir='ltr'>supra</span> <span class='ocrx_word' id='word_1_167' title='bbox 1286 2335 1470 2400; x_wconf 88' lang='lat' dir='ltr'>ostenderi-</span> 
     </span>
     <span class='ocr_line' id='line_1_20' title="bbox 240 2433 1468 2524; baseline -0.002 -20"><span class='ocrx_word' id='word_1_168' title='bbox 240 2461 321 2520; x_wconf 86' lang='lat' dir='ltr'>mus,</span> <span class='ocrx_word' id='word_1_169' title='bbox 354 2433 468 2502; x_wconf 87' lang='lat' dir='ltr'>Florus</span> <span class='ocrx_word' id='word_1_170' title='bbox 495 2442 597 2498; x_wconf 89' lang='lat' dir='ltr'>autem</span> <span class='ocrx_word' id='word_1_171' title='bbox 620 2433 779 2502; x_wconf 88' lang='lat' dir='ltr'>Hadriani</span> <span class='ocrx_word' id='word_1_172' title='bbox 800 2437 894 2504; x_wconf 87' lang='lat' dir='ltr'>fuerit</span> <span class='ocrx_word' id='word_1_173' title='bbox 916 2433 1101 2523; x_wconf 74' lang='lat' dir='ltr'>aequalis³),</span> <span class='ocrx_word' id='word_1_174' title='bbox 1124 2437 1242 2503; x_wconf 89' lang='lat' dir='ltr'>Noster</span> <span class='ocrx_word' id='word_1_175' title='bbox 1268 2447 1341 2524; x_wconf 89' lang='lat' dir='ltr'>post</span> <span class='ocrx_word' id='word_1_176' title='bbox 1366 2437 1468 2502; x_wconf 88' lang='lat' dir='ltr'>huius</span> 
     </span>
     <span class='ocr_line' id='line_1_21' title="bbox 241 2527 1468 2625; baseline 0 -21"><span class='ocrx_word' id='word_1_177' title='bbox 241 2527 440 2625; x_wconf 89' lang='lat' dir='ltr'>imperatoris</span> <span class='ocrx_word' id='word_1_178' title='bbox 474 2546 615 2623; x_wconf 86' lang='lat' dir='ltr'>tempora</span> <span class='ocrx_word' id='word_1_179' title='bbox 649 2550 784 2624; x_wconf 88' lang='lat' dir='ltr'>ponatur</span> <span class='ocrx_word' id='word_1_180' title='bbox 815 2560 943 2604; x_wconf 88' lang='lat' dir='ltr'>necesse</span> <span class='ocrx_word' id='word_1_181' title='bbox 976 2547 1032 2603; x_wconf 89' lang='lat' dir='ltr'>est.</span> <span class='ocrx_word' id='word_1_182' title='bbox 1087 2538 1241 2625; x_wconf 85' lang='lat' dir='ltr'>itemque,</span> <span class='ocrx_word' id='word_1_183' title='bbox 1278 2539 1352 2625; x_wconf 93' lang='lat' dir='ltr'>quin</span> <span class='ocrx_word' id='word_1_184' title='bbox 1386 2549 1468 2604; x_wconf 89' lang='lat' dir='ltr'>ante</span> 
     </span>
     <span class='ocr_line' id='line_1_22' title="bbox 243 2639 1466 2727; baseline -0.006 -17"><span class='ocrx_word' id='word_1_185' title='bbox 243 2640 383 2726; x_wconf 86' lang='lat' dir='ltr'>Originis</span> <span class='ocrx_word' id='word_1_186' title='bbox 406 2639 592 2725; x_wconf 87' lang='lat' dir='ltr'>scriptorem</span> <span class='ocrx_word' id='word_1_187' title='bbox 613 2639 753 2704; x_wconf 89' lang='lat' dir='ltr'>floruerit</span> <span class='ocrx_word' id='word_1_188' title='bbox 780 2639 917 2705; x_wconf 88' lang='lat' dir='ltr'>dubitari</span> <span class='ocrx_word' id='word_1_189' title='bbox 943 2639 1061 2727; x_wconf 87' lang='lat' dir='ltr'>nequit,</span> <span class='ocrx_word' id='word_1_190' title='bbox 1096 2641 1241 2725; x_wconf 86' lang='lat' dir='ltr'>quoniam</span> <span class='ocrx_word' id='word_1_191' title='bbox 1268 2640 1319 2706; x_wconf 90' lang='lat' dir='ltr'>hic</span> <span class='ocrx_word' id='word_1_192' title='bbox 1345 2640 1466 2704; x_wconf 85' lang='lat' dir='ltr'>librum</span> 
     </span>
     <span class='ocr_line' id='line_1_23' title="bbox 242 2740 1465 2814; baseline -0.001 -6"><span class='ocrx_word' id='word_1_193' title='bbox 242 2743 286 2812; x_wconf 72' lang='lat' dir='ltr'>de,</span> <span class='ocrx_word' id='word_1_194' title='bbox 304 2743 362 2807; x_wconf 87' lang='lat' dir='ltr'>vir.</span> <span class='ocrx_word' id='word_1_195' title='bbox 384 2741 428 2808; x_wconf 91' lang='lat' dir='ltr'>ill.</span> <span class='ocrx_word' id='word_1_196' title='bbox 451 2764 515 2805; x_wconf 92' lang='lat' dir='ltr'>non</span> <span class='ocrx_word' id='word_1_197' title='bbox 538 2741 631 2806; x_wconf 90' lang='lat' dir='ltr'>modo</span> <span class='ocrx_word' id='word_1_198' title='bbox 653 2741 686 2805; x_wconf 90' lang='lat' dir='ltr'>in</span> <span class='ocrx_word' id='word_1_199' title='bbox 708 2741 852 2805; x_wconf 86' lang='lat' dir='ltr'>manibus</span> <span class='ocrx_word' id='word_1_200' title='bbox 874 2740 995 2814; x_wconf 81' lang='lat' dir='ltr'>habuit,</span> <span class='ocrx_word' id='word_1_201' title='bbox 1012 2762 1120 2805; x_wconf 86' lang='lat' dir='ltr'>verum</span> <span class='ocrx_word' id='word_1_202' title='bbox 1137 2741 1232 2806; x_wconf 88' lang='lat' dir='ltr'>etium</span> <span class='ocrx_word' id='word_1_203' title='bbox 1250 2765 1322 2807; x_wconf 92' lang='lat' dir='ltr'>cum</span> <span class='ocrx_word' id='word_1_204' title='bbox 1337 2741 1465 2810; x_wconf 85' lang='lat' dir='ltr'>Caesa-</span> 
     </span>
     <span class='ocr_line' id='line_1_24' title="bbox 241 2841 1465 2928; baseline 0 -20"><span class='ocrx_word' id='word_1_205' title='bbox 241 2845 329 2913; x_wconf 86' lang='lat' dir='ltr'>ribus</span> <span class='ocrx_word' id='word_1_206' title='bbox 362 2841 590 2926; x_wconf 61' lang='lat' dir='ltr'>consociaviti)</span> <span class='ocrx_word' id='word_1_207' title='bbox 628 2842 734 2928; x_wconf 89' lang='lat' dir='ltr'>eisque</span> <span class='ocrx_word' id='word_1_208' title='bbox 766 2841 957 2907; x_wconf 90' lang='lat' dir='ltr'>breviarium</span> <span class='ocrx_word' id='word_1_209' title='bbox 990 2842 1178 2908; x_wconf 87' lang='lat' dir='ltr'>veterrimae</span> <span class='ocrx_word' id='word_1_210' title='bbox 1210 2843 1361 2909; x_wconf 88' lang='lat' dir='ltr'>historiae</span> <span class='ocrx_word' id='word_1_211' title='bbox 1394 2843 1465 2910; x_wconf 89' lang='lat' dir='ltr'>Ro-</span> 
     </span>
     <span class='ocr_line' id='line_1_25' title="bbox 241 2943 1466 3032; baseline -0.002 -22"><span class='ocrx_word' id='word_1_212' title='bbox 241 2947 355 3031; x_wconf 84' lang='lat' dir='ltr'>manae</span> <span class='ocrx_word' id='word_1_213' title='bbox 376 2943 548 3031; x_wconf 84' lang='lat' dir='ltr'>praemisit,</span> <span class='ocrx_word' id='word_1_214' title='bbox 575 2944 621 3032; x_wconf 89' lang='lat' dir='ltr'>ita</span> <span class='ocrx_word' id='word_1_215' title='bbox 643 2954 677 3008; x_wconf 87' lang='lat' dir='ltr'>ut</span> <span class='ocrx_word' id='word_1_216' title='bbox 698 2943 747 3007; x_wconf 89' lang='lat' dir='ltr'>his</span> <span class='ocrx_word' id='word_1_217' title='bbox 775 2943 872 3009; x_wconf 90' lang='lat' dir='ltr'>tribus</span> <span class='ocrx_word' id='word_1_218' title='bbox 900 2952 967 3008; x_wconf 89' lang='lat' dir='ltr'>tota</span> <span class='ocrx_word' id='word_1_219' title='bbox 989 2944 1200 3008; x_wconf 88' lang='lat' dir='ltr'>Romanorum</span> <span class='ocrx_word' id='word_1_220' title='bbox 1229 2944 1360 3009; x_wconf 89' lang='lat' dir='ltr'>historia</span> <span class='ocrx_word' id='word_1_221' title='bbox 1385 2944 1466 3008; x_wconf 89' lang='lat' dir='ltr'>inde</span> 
     </span>
     <span class='ocr_line' id='line_1_26' title="bbox 241 3043 1464 3134; baseline -0.001 -22"><span class='ocrx_word' id='word_1_222' title='bbox 241 3071 261 3112; x_wconf 88' lang='lat' dir='ltr'>a</span> <span class='ocrx_word' id='word_1_223' title='bbox 283 3045 462 3134; x_wconf 88' lang='lat' dir='ltr'>primordiis</span> <span class='ocrx_word' id='word_1_224' title='bbox 484 3067 582 3132; x_wconf 92' lang='lat' dir='ltr'>usque</span> <span class='ocrx_word' id='word_1_225' title='bbox 609 3044 649 3108; x_wconf 86' lang='lat' dir='ltr'>ad</span> <span class='ocrx_word' id='word_1_226' title='bbox 677 3067 794 3108; x_wconf 91' lang='lat' dir='ltr'>annum</span> <span class='ocrx_word' id='word_1_227' title='bbox 823 3043 941 3131; x_wconf 70' lang='lat' dir='ltr'>360.p.‘</span> <span class='ocrx_word' id='word_1_228' title='bbox 955 3043 1030 3112; x_wconf 80' lang='lat' dir='ltr'>Chr.</span> <span class='ocrx_word' id='word_1_229' title='bbox 1054 3069 1084 3109; x_wconf 92' lang='lat' dir='ltr'>n.</span> <span class='ocrx_word' id='word_1_230' title='bbox 1112 3047 1317 3111; x_wconf 87' lang='lat' dir='ltr'>contineatur.</span> <span class='ocrx_word' id='word_1_231' title='bbox 1362 3069 1464 3132; x_wconf 88' lang='lat' dir='ltr'>quare</span> 
     </span>
     <span class='ocr_line' id='line_1_27' title="bbox 243 3145 1463 3234; baseline 0 -22"><span class='ocrx_word' id='word_1_232' title='bbox 243 3148 270 3212; x_wconf 83' lang='lat' dir='ltr'>si</span> <span class='ocrx_word' id='word_1_233' title='bbox 292 3146 489 3228; x_wconf 80' lang='lat' dir='ltr'>dordanus⁵)</span> <span class='ocrx_word' id='word_1_234' title='bbox 513 3157 544 3212; x_wconf 90' lang='lat' dir='ltr'>et</span> <span class='ocrx_word' id='word_1_235' title='bbox 566 3145 748 3234; x_wconf 77' lang='lat' dir='ltr'>Opitzius⁶)</span> <span class='ocrx_word' id='word_1_236' title='bbox 766 3145 932 3230; x_wconf 85' lang='lat' dir='ltr'>Origiuem</span> <span class='ocrx_word' id='word_1_237' title='bbox 952 3157 1035 3210; x_wconf 89' lang='lat' dir='ltr'>recte</span> <span class='ocrx_word' id='word_1_238' title='bbox 1058 3147 1167 3232; x_wconf 91' lang='lat' dir='ltr'>quinto</span> <span class='ocrx_word' id='word_1_239' title='bbox 1190 3147 1374 3212; x_wconf 90' lang='lat' dir='ltr'>adscribunt</span> <span class='ocrx_word' id='word_1_240' title='bbox 1389 3169 1463 3212; x_wconf 89' lang='lat' dir='ltr'>sae-</span> 
     </span>
     <span class='ocr_line' id='line_1_28' title="bbox 242 3247 1464 3342; baseline 0 -29"><span class='ocrx_word' id='word_1_241' title='bbox 242 3249 329 3342; x_wconf 77' lang='lat' dir='ltr'>culo,</span> <span class='ocrx_word' id='word_1_242' title='bbox 356 3248 434 3313; x_wconf 91' lang='lat' dir='ltr'>liber</span> <span class='ocrx_word' id='word_1_243' title='bbox 459 3257 567 3313; x_wconf 90' lang='lat' dir='ltr'>noster</span> <span class='ocrx_word' id='word_1_244' title='bbox 595 3257 648 3312; x_wconf 91' lang='lat' dir='ltr'>aut</span> <span class='ocrx_word' id='word_1_245' title='bbox 676 3247 735 3312; x_wconf 90' lang='lat' dir='ltr'>sub</span> <span class='ocrx_word' id='word_1_246' title='bbox 762 3247 858 3311; x_wconf 88' lang='lat' dir='ltr'>finem</span> <span class='ocrx_word' id='word_1_247' title='bbox 889 3247 1005 3312; x_wconf 91' lang='lat' dir='ltr'>saeculi</span> <span class='ocrx_word' id='word_1_248' title='bbox 1033 3247 1161 3313; x_wconf 88' lang='lat' dir='ltr'>secundi</span> <span class='ocrx_word' id='word_1_249' title='bbox 1194 3260 1248 3314; x_wconf 87' lang='lat' dir='ltr'>aut</span> <span class='ocrx_word' id='word_1_250' title='bbox 1280 3249 1372 3317; x_wconf 88' lang='lat' dir='ltr'>tertio</span> <span class='ocrx_word' id='word_1_251' title='bbox 1406 3260 1464 3314; x_wconf 89' lang='lat' dir='ltr'>aut</span> 
     </span>
     <span class='ocr_line' id='line_1_29' title="bbox 242 3343 863 3437; baseline -0.005 -23"><span class='ocrx_word' id='word_1_252' title='bbox 242 3343 352 3436; x_wconf 88' lang='lat' dir='ltr'>quarto</span> <span class='ocrx_word' id='word_1_253' title='bbox 375 3351 565 3436; x_wconf 90' lang='lat' dir='ltr'>compositus</span> <span class='ocrx_word' id='word_1_254' title='bbox 587 3348 744 3437; x_wconf 86' lang='lat' dir='ltr'>putandus</span> <span class='ocrx_word' id='word_1_255' title='bbox 767 3349 863 3431; x_wconf 80' lang='lat' dir='ltr'>est.⁷)</span> 
     </span>
    </p>
   </div>
   <div class='ocr_carea' id='block_1_9' title="bbox 242 3619 1461 4464">
    <p class='ocr_par' dir='ltr' id='par_1_10' title="bbox 312 3619 1305 3690">
     <span class='ocr_line' id='line_1_30' title="bbox 312 3619 1305 3690; baseline 0.003 -17"><span class='ocrx_word' id='word_1_256' title='bbox 312 3623 337 3681; x_wconf 93' lang='lat'>1)</span> <span class='ocrx_word' id='word_1_257' title='bbox 355 3619 385 3672; x_wconf 92' lang='lat' dir='ltr'>ln</span> <span class='ocrx_word' id='word_1_258' title='bbox 405 3619 493 3674; x_wconf 87' lang='lat' dir='ltr'>codice</span> <span class='ocrx_word' id='word_1_259' title='bbox 511 3619 679 3676; x_wconf 83' lang='lat' dir='ltr'>Bruxelleusi</span> <span class='ocrx_word' id='word_1_260' title='bbox 697 3621 792 3674; x_wconf 87' lang='lat' dir='ltr'>librum</span> <span class='ocrx_word' id='word_1_261' title='bbox 811 3621 843 3674; x_wconf 87' lang='lat' dir='ltr'>de</span> <span class='ocrx_word' id='word_1_262' title='bbox 862 3621 909 3674; x_wconf 84' lang='lat' dir='ltr'>uir.</span> <span class='ocrx_word' id='word_1_263' title='bbox 927 3621 965 3674; x_wconf 89' lang='lat' dir='ltr'>ill.</span> <span class='ocrx_word' id='word_1_264' title='bbox 984 3621 1120 3690; x_wconf 84' lang='lat' dir='ltr'>excipiunt</span> <span class='ocrx_word' id='word_1_265' title='bbox 1139 3621 1305 3688; x_wconf 74' lang='lat' dir='ltr'>‚Gaesares‘</span> 
     </span>
    </p>

    <p class='ocr_par' dir='ltr' id='par_1_11' title="bbox 312 3694 1356 3772">
     <span class='ocr_line' id='line_1_31' title="bbox 312 3694 1356 3772; baseline 0.002 -12"><span class='ocrx_word' id='word_1_266' title='bbox 312 3709 337 3770; x_wconf 77' lang='lat'>2)</span> <span class='ocrx_word' id='word_1_267' title='bbox 355 3694 469 3770; x_wconf 82' lang='lat' dir='ltr'>Primus,</span> <span class='ocrx_word' id='word_1_268' title='bbox 490 3707 517 3759; x_wconf 93' lang='lat' dir='ltr'>ui</span> <span class='ocrx_word' id='word_1_269' title='bbox 534 3708 619 3772; x_wconf 86' lang='lat' dir='ltr'>fallor,</span> <span class='ocrx_word' id='word_1_270' title='bbox 636 3706 678 3761; x_wconf 88' lang='lat' dir='ltr'>Fr.</span> <span class='ocrx_word' id='word_1_271' title='bbox 696 3706 819 3759; x_wconf 85' lang='lat' dir='ltr'>Petrnrea</span> <span class='ocrx_word' id='word_1_272' title='bbox 836 3707 854 3759; x_wconf 93' lang='lat' dir='ltr'>l.</span> <span class='ocrx_word' id='word_1_273' title='bbox 873 3707 890 3760; x_wconf 90' lang='lat' dir='ltr'>l.</span> <span class='ocrx_word' id='word_1_274' title='bbox 910 3706 1005 3769; x_wconf 85' lang='lat' dir='ltr'>librum</span> <span class='ocrx_word' id='word_1_275' title='bbox 1025 3710 1144 3764; x_wconf 79' lang='lat' dir='ltr'>nostrum</span> <span class='ocrx_word' id='word_1_276' title='bbox 1163 3713 1356 3762; x_wconf 84' lang='lat' dir='ltr'>commemorat.</span> 
     </span>
    </p>

    <p class='ocr_par' dir='ltr' id='par_1_12' title="bbox 311 3787 772 3862">
     <span class='ocr_line' id='line_1_32' title="bbox 311 3787 772 3862; baseline -0.002 -20"><span class='ocrx_word' id='word_1_277' title='bbox 311 3794 337 3854; x_wconf 86' lang='lat'>3)</span> <span class='ocrx_word' id='word_1_278' title='bbox 354 3806 380 3844; x_wconf 83' lang='lat' dir='ltr'>v.</span> <span class='ocrx_word' id='word_1_279' title='bbox 399 3789 516 3844; x_wconf 86' lang='lat' dir='ltr'>Jahuum</span> <span class='ocrx_word' id='word_1_280' title='bbox 534 3791 561 3844; x_wconf 89' lang='lat' dir='ltr'>in</span> <span class='ocrx_word' id='word_1_281' title='bbox 581 3787 659 3862; x_wconf 82' lang='lat' dir='ltr'>prael.</span> <span class='ocrx_word' id='word_1_282' title='bbox 678 3809 703 3862; x_wconf 92' lang='lat' dir='ltr'>p.</span> <span class='ocrx_word' id='word_1_283' title='bbox 715 3791 772 3844; x_wconf 84' lang='lat' dir='ltr'>XL.</span> 
     </span>
    </p>

    <p class='ocr_par' dir='ltr' id='par_1_13' title="bbox 312 3875 935 3947">
     <span class='ocr_line' id='line_1_33' title="bbox 312 3875 935 3947; baseline 0.002 -18"><span class='ocrx_word' id='word_1_284' title='bbox 312 3877 340 3944; x_wconf 76' lang='lat'>4)</span> <span class='ocrx_word' id='word_1_285' title='bbox 358 3875 406 3928; x_wconf 88' lang='lat' dir='ltr'>Th.</span> <span class='ocrx_word' id='word_1_286' title='bbox 427 3875 524 3945; x_wconf 83' lang='lat' dir='ltr'>Opituii</span> <span class='ocrx_word' id='word_1_287' title='bbox 543 3878 560 3929; x_wconf 90' lang='lat' dir='ltr'>l.</span> <span class='ocrx_word' id='word_1_288' title='bbox 579 3878 596 3932; x_wconf 94' lang='lat' dir='ltr'>l.</span> <span class='ocrx_word' id='word_1_289' title='bbox 615 3894 640 3947; x_wconf 86' lang='lat' dir='ltr'>p.</span> <span class='ocrx_word' id='word_1_290' title='bbox 654 3883 702 3930; x_wconf 73' lang='lat'>208</span> <span class='ocrx_word' id='word_1_291' title='bbox 722 3877 823 3931; x_wconf 87' lang='lat' dir='ltr'>utimur</span> <span class='ocrx_word' id='word_1_292' title='bbox 840 3878 935 3930; x_wconf 85' lang='lat' dir='ltr'>verbis.</span> 
     </span>
    </p>

    <p class='ocr_par' dir='ltr' id='par_1_14' title="bbox 259 3962 626 4040">
     <span class='ocr_line' id='line_1_34' title="bbox 259 3962 626 4040; baseline 0.014 -28"><span class='ocrx_word' id='word_1_293' title='bbox 259 3997 261 4012; x_wconf 44' lang='lat'>1</span> <span class='ocrx_word' id='word_1_294' title='bbox 304 3962 626 4040; x_wconf 57' lang='grc' dir='ltr'>15)Η11111.111,111197.</span> 
     </span>
    </p>

    <p class='ocr_par' dir='ltr' id='par_1_15' title="bbox 311 4046 836 4118">
     <span class='ocr_line' id='line_1_35' title="bbox 311 4046 836 4118; baseline 0.006 -18"><span class='ocrx_word' id='word_1_295' title='bbox 311 4051 337 4112; x_wconf 87' lang='grc'>6)</span> <span class='ocrx_word' id='word_1_296' title='bbox 355 4046 386 4102; x_wconf 78' lang='grc'><strong>11.</strong></span> <span class='ocrx_word' id='word_1_297' title='bbox 404 4049 422 4101; x_wconf 90' lang='lat' dir='ltr'>l.</span> <span class='ocrx_word' id='word_1_298' title='bbox 441 4065 466 4118; x_wconf 92' lang='lat' dir='ltr'>p.</span> <span class='ocrx_word' id='word_1_299' title='bbox 479 4055 539 4102; x_wconf 80' lang='lat'>207.</span> <span class='ocrx_word' id='word_1_300' title='bbox 835 4107 836 4112; x_wconf 52' lang='grc'>,</span> 
     </span>
    </p>

    <p class='ocr_par' dir='ltr' id='par_1_16' title="bbox 242 4133 1461 4464">
     <span class='ocr_line' id='line_1_36' title="bbox 310 4133 1461 4205; baseline 0.003 -19"><span class='ocrx_word' id='word_1_301' title='bbox 310 4137 336 4197; x_wconf 85' lang='grc'>7)</span> <span class='ocrx_word' id='word_1_302' title='bbox 347 4134 402 4187; x_wconf 86' lang='lat' dir='ltr'>Hoc</span> <span class='ocrx_word' id='word_1_303' title='bbox 411 4136 623 4189; x_wconf 84' lang='lat' dir='ltr'>commentariolo</span> <span class='ocrx_word' id='word_1_304' title='bbox 632 4136 684 4188; x_wconf 84' lang='lat' dir='ltr'>iam</span> <span class='ocrx_word' id='word_1_305' title='bbox 698 4134 846 4204; x_wconf 80' lang='lat' dir='ltr'>conscripto</span> <span class='ocrx_word' id='word_1_306' title='bbox 856 4133 936 4188; x_wconf 88' lang='lat' dir='ltr'>editio</span> <span class='ocrx_word' id='word_1_307' title='bbox 946 4134 1061 4202; x_wconf 82' lang='lat' dir='ltr'>Originis</span> <span class='ocrx_word' id='word_1_308' title='bbox 1072 4151 1117 4203; x_wconf 90' lang='lat' dir='ltr'>per</span> <span class='ocrx_word' id='word_1_309' title='bbox 1129 4135 1159 4198; x_wconf 75' lang='grc' dir='ltr'>Β.</span> <span class='ocrx_word' id='word_1_310' title='bbox 1170 4135 1299 4205; x_wconf 85' lang='lat' dir='ltr'>Seppium</span> <span class='ocrx_word' id='word_1_311' title='bbox 1309 4133 1461 4203; x_wconf 79' lang='lat' dir='ltr'>(Miucheu,</span> 
     </span>
     <span class='ocr_line' id='line_1_37' title="bbox 243 4219 1460 4290; baseline 0.002 -18"><span class='ocrx_word' id='word_1_312' title='bbox 243 4223 317 4282; x_wconf 78' lang='lat'>1⁸79,</span> <span class='ocrx_word' id='word_1_313' title='bbox 328 4219 523 4288; x_wconf 75' lang='lat' dir='ltr'>llltiegersehe</span> <span class='ocrx_word' id='word_1_314' title='bbox 534 4219 1028 4284; x_wconf 74' lang='lat' dir='ltr'>Universititsltuchhandl.)adornata</span> <span class='ocrx_word' id='word_1_315' title='bbox 1039 4220 1066 4284; x_wconf 84' lang='lat' dir='ltr'>in</span> <span class='ocrx_word' id='word_1_316' title='bbox 1077 4235 1170 4272; x_wconf 84' lang='lat' dir='ltr'>manus</span> <span class='ocrx_word' id='word_1_317' title='bbox 1183 4220 1245 4274; x_wconf 87' lang='lat' dir='ltr'>mihi</span> <span class='ocrx_word' id='word_1_318' title='bbox 1257 4221 1339 4274; x_wconf 83' lang='lat' dir='ltr'>venit.</span> <span class='ocrx_word' id='word_1_319' title='bbox 1345 4221 1460 4290; x_wconf 88' lang='lat' dir='ltr'>Seppius</span> 
     </span>
     <span class='ocr_line' id='line_1_38' title="bbox 242 4304 1461 4376; baseline 0.001 -19"><span class='ocrx_word' id='word_1_320' title='bbox 242 4307 277 4374; x_wconf 91' lang='lat' dir='ltr'>(p.</span> <span class='ocrx_word' id='word_1_321' title='bbox 291 4305 338 4368; x_wconf 88' lang='lat' dir='ltr'>IV)</span> <span class='ocrx_word' id='word_1_322' title='bbox 356 4321 408 4357; x_wconf 89' lang='lat' dir='ltr'>nou</span> <span class='ocrx_word' id='word_1_323' title='bbox 427 4307 459 4358; x_wconf 87' lang='lat' dir='ltr'>ab</span> <span class='ocrx_word' id='word_1_324' title='bbox 477 4307 534 4376; x_wconf 88' lang='lat' dir='ltr'>ipso</span> <span class='ocrx_word' id='word_1_325' title='bbox 553 4306 668 4376; x_wconf 82' lang='lat' dir='ltr'>Originis</span> <span class='ocrx_word' id='word_1_326' title='bbox 687 4309 800 4370; x_wconf 83' lang='lat' dir='ltr'>auctore,</span> <span class='ocrx_word' id='word_1_327' title='bbox 819 4306 865 4357; x_wconf 86' lang='lat' dir='ltr'>sed</span> <span class='ocrx_word' id='word_1_328' title='bbox 884 4307 916 4358; x_wconf 89' lang='lat' dir='ltr'>ab</span> <span class='ocrx_word' id='word_1_329' title='bbox 934 4306 1022 4375; x_wconf 87' lang='lat' dir='ltr'>aliquo</span> <span class='ocrx_word' id='word_1_330' title='bbox 1040 4304 1144 4368; x_wconf 83' lang='lat' dir='ltr'>librario</span> <span class='ocrx_word' id='word_1_331' title='bbox 1161 4305 1295 4374; x_wconf 85' lang='lat' dir='ltr'>Origiuem</span> <span class='ocrx_word' id='word_1_332' title='bbox 1315 4323 1375 4360; x_wconf 85' lang='lat' dir='ltr'>oum</span> <span class='ocrx_word' id='word_1_333' title='bbox 1394 4307 1461 4359; x_wconf 90' lang='lat' dir='ltr'>libro</span> 
     </span>
     <span class='ocr_line' id='line_1_39' title="bbox 242 4389 1460 4464; baseline 0.002 -22"><span class='ocrx_word' id='word_1_334' title='bbox 242 4394 331 4442; x_wconf 89' lang='lat' dir='ltr'>nostro</span> <span class='ocrx_word' id='word_1_335' title='bbox 349 4390 518 4460; x_wconf 81' lang='lat' dir='ltr'>coniunctam</span> <span class='ocrx_word' id='word_1_336' title='bbox 539 4409 597 4464; x_wconf 81' lang='lat' dir='ltr'>esse</span> <span class='ocrx_word' id='word_1_337' title='bbox 619 4395 722 4455; x_wconf 89' lang='lat' dir='ltr'>censet,</span> <span class='ocrx_word' id='word_1_338' title='bbox 750 4407 812 4444; x_wconf 89' lang='lat' dir='ltr'>cum</span> <span class='ocrx_word' id='word_1_339' title='bbox 835 4395 925 4444; x_wconf 89' lang='lat' dir='ltr'>autem</span> <span class='ocrx_word' id='word_1_340' title='bbox 948 4389 1019 4444; x_wconf 87' lang='lat' dir='ltr'>huuc</span> <span class='ocrx_word' id='word_1_341' title='bbox 1042 4390 1177 4444; x_wconf 81' lang='lat' dir='ltr'>librarium</span> <span class='ocrx_word' id='word_1_342' title='bbox 1200 4390 1271 4446; x_wconf 88' lang='lat' dir='ltr'>haud</span> <span class='ocrx_word' id='word_1_343' title='bbox 1294 4391 1376 4452; x_wconf 84' lang='lat' dir='ltr'>multo</span> <span class='ocrx_word' id='word_1_344' title='bbox 1398 4397 1460 4464; x_wconf 84' lang='lat' dir='ltr'>post</span> 
     </span>
    </p>
   </div>
   <div class='ocr_carea' id='block_1_10' title="bbox 0 0 1618 5174">
    <p class='ocr_par' dir='ltr' id='par_1_17' title="bbox 0 0 1618 5174">
     <span class='ocr_line' id='line_1_40' title="bbox 0 0 1618 5174; baseline 0 0"><span class='ocrx_word' id='word_1_345' title='bbox 0 0 1618 5174; x_wconf 95' lang='lat' dir='ltr'> </span> 
     </span>
    </p>
   </div>
  </div>
 </body>
</html>
