<?xml version="1.0" encoding="UTF-8"?>
<!DOCTYPE html PUBLIC "-//W3C//DTD XHTML 1.0 Transitional//EN"
    "http://www.w3.org/TR/xhtml1/DTD/xhtml1-transitional.dtd">
<html xmlns="http://www.w3.org/1999/xhtml" xml:lang="en" lang="en">
 <head>
  <title>
</title>
<meta http-equiv="Content-Type" content="text/html;charset=utf-8" />
  <meta name='ocr-system' content='tesseract 3.04.00' />
  <meta name='ocr-capabilities' content='ocr_page ocr_carea ocr_par ocr_line ocrx_word'/>
</head>
<body>
  <div class='ocr_page' id='page_1' title='image "./delibroquiinscr00hildgoog_0015.png"; bbox 0 0 3218 5174; ppageno 0'>
   <div class='ocr_carea' id='block_1_1' title="bbox 780 456 821 521">
    <p class='ocr_par' dir='ltr' id='par_1_1' title="bbox 780 456 821 521">
     <span class='ocr_line' id='line_1_1' title="bbox 780 456 821 521; baseline 0.049 -2"><span class='ocrx_word' id='word_1_1' title='bbox 780 456 821 521; x_wconf 92' lang='lat'><strong>10</strong></span> 
     </span>
    </p>
   </div>
   <div class='ocr_carea' id='block_1_2' title="bbox 714 542 913 554">
    <p class='ocr_par' dir='ltr' id='par_1_2' title="bbox 714 542 913 554">
     <span class='ocr_line' id='line_1_2' title="bbox 714 542 913 554; baseline 0.01 -3"><span class='ocrx_word' id='word_1_2' title='bbox 714 542 913 554; x_wconf 69' lang='grc' dir='ltr'><strong>ι·-</strong></span> 
     </span>
    </p>
   </div>
   <div class='ocr_carea' id='block_1_3' title="bbox 205 655 1425 1254">
    <p class='ocr_par' dir='ltr' id='par_1_3' title="bbox 205 655 1425 1254">
     <span class='ocr_line' id='line_1_3' title="bbox 290 655 1422 744; baseline -0.001 -21"><span class='ocrx_word' id='word_1_3' title='bbox 290 660 398 744; x_wconf 84' lang='lat' dir='ltr'><strong>Atque</strong></span> <span class='ocrx_word' id='word_1_4' title='bbox 438 658 534 724; x_wconf 89' lang='lat' dir='ltr'><strong>etiam</strong></span> <span class='ocrx_word' id='word_1_5' title='bbox 572 657 696 722; x_wconf 91' lang='lat' dir='ltr'><strong>omissis</strong></span> <span class='ocrx_word' id='word_1_6' title='bbox 730 657 778 722; x_wconf 91' lang='lat' dir='ltr'><strong>bis</strong></span> <span class='ocrx_word' id='word_1_7' title='bbox 811 659 906 722; x_wconf 91' lang='lat' dir='ltr'><strong>rebus</strong></span> <span class='ocrx_word' id='word_1_8' title='bbox 937 655 1073 744; x_wconf 90' lang='lat' dir='ltr'><strong>Hauptii</strong></span> <span class='ocrx_word' id='word_1_9' title='bbox 1105 657 1260 722; x_wconf 89' lang='lat' dir='ltr'><strong>sententia</strong></span> <span class='ocrx_word' id='word_1_10' title='bbox 1292 657 1422 722; x_wconf 81' lang='lat' dir='ltr'><strong>labitur.</strong></span> 
     </span>
     <span class='ocr_line' id='line_1_4' title="bbox 205 757 1425 848; baseline -0.002 -23"><span class='ocrx_word' id='word_1_11' title='bbox 205 784 281 825; x_wconf 91' lang='lat' dir='ltr'><strong>nam</strong></span> <span class='ocrx_word' id='word_1_12' title='bbox 314 759 397 848; x_wconf 90' lang='lat' dir='ltr'><strong>apud</strong></span> <span class='ocrx_word' id='word_1_13' title='bbox 431 758 569 825; x_wconf 89' lang='lat' dir='ltr'><strong>Gellium</strong></span> <span class='ocrx_word' id='word_1_14' title='bbox 601 757 725 842; x_wconf 91' lang='lat' dir='ltr'>(XVII,</span> <span class='ocrx_word' id='word_1_15' title='bbox 749 761 805 839; x_wconf 99' lang='grc'><strong>21,</strong></span> <span class='ocrx_word' id='word_1_16' title='bbox 833 759 874 822; x_wconf 87' lang='grc'>24</span> <span class='ocrx_word' id='word_1_17' title='bbox 900 782 930 845; x_wconf 91' lang='lat' dir='ltr'><strong>p.</strong></span> <span class='ocrx_word' id='word_1_18' title='bbox 953 760 1012 822; x_wconf 83' lang='grc'><strong>197</strong></span> <span class='ocrx_word' id='word_1_19' title='bbox 1042 757 1090 822; x_wconf 91' lang='lat' dir='ltr'><strong>ed.</strong></span> <span class='ocrx_word' id='word_1_20' title='bbox 1119 758 1244 844; x_wconf 83' lang='lat' dir='ltr'><strong>Hertz.)</strong></span> <span class='ocrx_word' id='word_1_21' title='bbox 1277 759 1425 842; x_wconf 82' lang='lat' dir='ltr'><strong>leguntur</strong></span> 
     </span>
     <span class='ocr_line' id='line_1_5' title="bbox 207 859 1421 948; baseline -0.001 -23"><span class='ocrx_word' id='word_1_22' title='bbox 207 861 300 927; x_wconf 90' lang='lat' dir='ltr'><strong>baec:</strong></span> <span class='ocrx_word' id='word_1_23' title='bbox 337 860 522 946; x_wconf 87' lang='lat' dir='ltr'><strong>„[Manlius]</strong></span> <span class='ocrx_word' id='word_1_24' title='bbox 546 861 713 926; x_wconf 87' lang='lat' dir='ltr'><strong>damnatus</strong></span> <span class='ocrx_word' id='word_1_25' title='bbox 736 860 849 948; x_wconf 91' lang='lat' dir='ltr'><strong>capitis</strong></span> <span class='ocrx_word' id='word_1_26' title='bbox 871 883 889 924; x_wconf 91' lang='lat' dir='ltr'><strong>e</strong></span> <span class='ocrx_word' id='word_1_27' title='bbox 911 882 988 924; x_wconf 85' lang='lat' dir='ltr'><strong>saxo</strong></span> <span class='ocrx_word' id='word_1_28' title='bbox 1011 859 1160 948; x_wconf 88' lang='lat' dir='ltr'><strong>Tarpeio,</strong></span> <span class='ocrx_word' id='word_1_29' title='bbox 1187 871 1222 926; x_wconf 91' lang='lat' dir='ltr'><strong>ut</strong></span> <span class='ocrx_word' id='word_1_30' title='bbox 1243 860 1288 924; x_wconf 92' lang='lat' dir='ltr'><strong>ait</strong></span> <span class='ocrx_word' id='word_1_31' title='bbox 1308 859 1421 940; x_wconf 90' lang='lat' dir='ltr'><strong>Varr0,</strong></span> 
     </span>
     <span class='ocr_line' id='line_1_6' title="bbox 207 961 1424 1050; baseline -0.002 -23"><span class='ocrx_word' id='word_1_32' title='bbox 207 986 357 1050; x_wconf 89' lang='lat' dir='ltr'><strong>praeceps</strong></span> <span class='ocrx_word' id='word_1_33' title='bbox 384 962 491 1043; x_wconf 90' lang='lat' dir='ltr'><strong>datus,</strong></span> <span class='ocrx_word' id='word_1_34' title='bbox 514 972 554 1027; x_wconf 89' lang='lat' dir='ltr'><strong>ut</strong></span> <span class='ocrx_word' id='word_1_35' title='bbox 576 961 789 1028; x_wconf 86' lang='lat' dir='ltr'><strong>Cornelius</strong></span> <span class='ocrx_word' id='word_1_36' title='bbox 811 971 932 1027; x_wconf 88' lang='lat' dir='ltr'><strong>autem</strong></span> <span class='ocrx_word' id='word_1_37' title='bbox 956 962 1088 1048; x_wconf 81' lang='lat' dir='ltr'><strong>Nepos</strong></span> <span class='ocrx_word' id='word_1_38' title='bbox 1117 963 1307 1048; x_wconf 87' lang='lat' dir='ltr'><strong>scriptum</strong></span> <span class='ocrx_word' id='word_1_39' title='bbox 1333 961 1424 1027; x_wconf 89' lang='lat' dir='ltr'><strong>reli-</strong></span> 
     </span>
     <span class='ocr_line' id='line_1_7' title="bbox 207 1063 1424 1151; baseline -0.002 -22"><span class='ocrx_word' id='word_1_40' title='bbox 207 1065 304 1151; x_wconf 90' lang='lat' dir='ltr'><strong>quit,</strong></span> <span class='ocrx_word' id='word_1_41' title='bbox 338 1063 585 1130; x_wconf 88' lang='lat' dir='ltr'><strong>verberando</strong></span> <span class='ocrx_word' id='word_1_42' title='bbox 618 1074 780 1130; x_wconf 90' lang='lat' dir='ltr'><strong>necatus</strong></span> <span class='ocrx_word' id='word_1_43' title='bbox 820 1067 909 1129; x_wconf 88' lang='lat' dir='ltr'><strong>est.“</strong></span> <span class='ocrx_word' id='word_1_44' title='bbox 965 1083 1151 1150; x_wconf 89' lang='lat' dir='ltr'><strong>quamquam</strong></span> <span class='ocrx_word' id='word_1_45' title='bbox 1186 1063 1281 1148; x_wconf 86' lang='lat' dir='ltr'><strong>igitur</strong></span> <span class='ocrx_word' id='word_1_46' title='bbox 1314 1075 1424 1129; x_wconf 80' lang='lat' dir='ltr'>auctor</span> 
     </span>
     <span class='ocr_line' id='line_1_8' title="bbox 206 1164 1423 1254; baseline -0.001 -24"><span class='ocrx_word' id='word_1_47' title='bbox 206 1176 312 1232; x_wconf 89' lang='lat' dir='ltr'><strong>noster</strong></span> <span class='ocrx_word' id='word_1_48' title='bbox 335 1168 419 1254; x_wconf 88' lang='lat' dir='ltr'><strong>(cap.</strong></span> <span class='ocrx_word' id='word_1_49' title='bbox 442 1164 569 1240; x_wconf 91' lang='lat' dir='ltr'>XXIV,</span> <span class='ocrx_word' id='word_1_50' title='bbox 593 1167 625 1243; x_wconf 78' lang='lat'><strong>7)</strong></span> <span class='ocrx_word' id='word_1_51' title='bbox 649 1164 765 1231; x_wconf 79' lang='lat' dir='ltr'>diserte</span> <span class='ocrx_word' id='word_1_52' title='bbox 788 1165 897 1230; x_wconf 81' lang='lat' dir='ltr'><strong>scribit</strong></span> <span class='ocrx_word' id='word_1_53' title='bbox 928 1165 984 1246; x_wconf 86' lang='lat' dir='ltr'><strong>„de</strong></span> <span class='ocrx_word' id='word_1_54' title='bbox 1007 1188 1084 1230; x_wconf 90' lang='lat' dir='ltr'><strong>saxo</strong></span> <span class='ocrx_word' id='word_1_55' title='bbox 1107 1164 1242 1252; x_wconf 84' lang='lat' dir='ltr'><strong>Tarpeio</strong></span> <span class='ocrx_word' id='word_1_56' title='bbox 1267 1166 1423 1253; x_wconf 86' lang='lat' dir='ltr'><strong>praecipi-</strong></span> 
     </span>
    </p>
   </div>
   <div class='ocr_carea' id='block_1_4' title="bbox 207 1267 1432 3487">
    <p class='ocr_par' dir='ltr' id='par_1_4' title="bbox 207 1267 1427 3186">
     <span class='ocr_line' id='line_1_9' title="bbox 209 1267 1425 1355; baseline 0.001 -23"><span class='ocrx_word' id='word_1_57' title='bbox 209 1271 312 1333; x_wconf 82' lang='lat' dir='ltr'><strong>tatus“</strong></span> <span class='ocrx_word' id='word_1_58' title='bbox 336 1278 442 1334; x_wconf 87' lang='lat' dir='ltr'><strong>tamen</strong></span> <span class='ocrx_word' id='word_1_59' title='bbox 464 1267 594 1332; x_wconf 89' lang='lat' dir='ltr'><strong>minime</strong></span> <span class='ocrx_word' id='word_1_60' title='bbox 617 1290 650 1333; x_wconf 91' lang='lat' dir='ltr'><strong>se</strong></span> <span class='ocrx_word' id='word_1_61' title='bbox 676 1268 853 1355; x_wconf 86' lang='lat' dir='ltr'><strong>perturbari</strong></span> <span class='ocrx_word' id='word_1_62' title='bbox 874 1267 1033 1355; x_wconf 91' lang='lat' dir='ltr'><strong>Hauptius</strong></span> <span class='ocrx_word' id='word_1_63' title='bbox 1057 1267 1144 1348; x_wconf 88' lang='lat' dir='ltr'><strong>dicit,</strong></span> <span class='ocrx_word' id='word_1_64' title='bbox 1168 1268 1313 1354; x_wconf 88' lang='lat' dir='ltr'><strong>quoniam</strong></span> <span class='ocrx_word' id='word_1_65' title='bbox 1338 1268 1425 1333; x_wconf 92' lang='lat' dir='ltr'><strong>haud</strong></span> 
     </span>
     <span class='ocr_line' id='line_1_10' title="bbox 208 1367 1424 1456; baseline -0.002 -20"><span class='ocrx_word' id='word_1_66' title='bbox 208 1370 376 1436; x_wconf 89' lang='lat' dir='ltr'><strong>verisimile</strong></span> <span class='ocrx_word' id='word_1_67' title='bbox 410 1371 450 1434; x_wconf 90' lang='lat' dir='ltr'><strong>sit</strong></span> <span class='ocrx_word' id='word_1_68' title='bbox 475 1371 628 1456; x_wconf 83' lang='lat' dir='ltr'><strong>Nepotem</strong></span> <span class='ocrx_word' id='word_1_69' title='bbox 659 1393 679 1434; x_wconf 91' lang='lat' dir='ltr'><strong>a</strong></span> <span class='ocrx_word' id='word_1_70' title='bbox 706 1370 817 1434; x_wconf 85' lang='lat' dir='ltr'><strong>ceteris</strong></span> <span class='ocrx_word' id='word_1_71' title='bbox 851 1367 996 1432; x_wconf 91' lang='lat' dir='ltr'><strong>omnibus</strong></span> <span class='ocrx_word' id='word_1_72' title='bbox 1030 1371 1209 1434; x_wconf 88' lang='lat' dir='ltr'><strong>auctoribus</strong></span> <span class='ocrx_word' id='word_1_73' title='bbox 1244 1369 1283 1434; x_wconf 90' lang='lat' dir='ltr'><strong>de</strong></span> <span class='ocrx_word' id='word_1_74' title='bbox 1311 1369 1424 1434; x_wconf 90' lang='lat' dir='ltr'><strong>Manlii</strong></span> 
     </span>
     <span class='ocr_line' id='line_1_11' title="bbox 208 1469 1423 1559; baseline -0.002 -23"><span class='ocrx_word' id='word_1_75' title='bbox 208 1471 361 1559; x_wconf 91' lang='lat' dir='ltr'><strong>supplicio</strong></span> <span class='ocrx_word' id='word_1_76' title='bbox 385 1471 615 1558; x_wconf 77' lang='lat' dir='ltr'><strong>discrepantem</strong></span> <span class='ocrx_word' id='word_1_77' title='bbox 637 1469 799 1556; x_wconf 86' lang='lat' dir='ltr'><strong>vulgarem</strong></span> <span class='ocrx_word' id='word_1_78' title='bbox 821 1469 909 1534; x_wconf 90' lang='lat' dir='ltr'><strong>illam</strong></span> <span class='ocrx_word' id='word_1_79' title='bbox 930 1470 1144 1536; x_wconf 80' lang='lat' dir='ltr'><strong>narrationem</strong></span> <span class='ocrx_word' id='word_1_80' title='bbox 1165 1494 1205 1535; x_wconf 93' lang='lat' dir='ltr'><strong>ne</strong></span> <span class='ocrx_word' id='word_1_81' title='bbox 1232 1493 1423 1535; x_wconf 90' lang='lat' dir='ltr'><strong>commemo-</strong></span> 
     </span>
     <span class='ocr_line' id='line_1_12' title="bbox 207 1572 1424 1659; baseline -0.003 -20"><span class='ocrx_word' id='word_1_82' title='bbox 207 1597 295 1640; x_wconf 88' lang='lat' dir='ltr'><strong>rasse</strong></span> <span class='ocrx_word' id='word_1_83' title='bbox 318 1572 454 1659; x_wconf 91' lang='lat' dir='ltr'><strong>quidem,</strong></span> <span class='ocrx_word' id='word_1_84' title='bbox 481 1572 586 1658; x_wconf 87' lang='lat' dir='ltr'><strong>itaque</strong></span> <span class='ocrx_word' id='word_1_85' title='bbox 608 1597 647 1639; x_wconf 81' lang='lat' dir='ltr'><strong>ex</strong></span> <span class='ocrx_word' id='word_1_86' title='bbox 670 1573 791 1637; x_wconf 90' lang='lat' dir='ltr'><strong>duabus</strong></span> <span class='ocrx_word' id='word_1_87' title='bbox 813 1573 1045 1638; x_wconf 79' lang='lat' dir='ltr'><strong>narrationibus</strong></span> <span class='ocrx_word' id='word_1_88' title='bbox 1068 1596 1087 1637; x_wconf 90' lang='lat' dir='ltr'><strong>a</strong></span> <span class='ocrx_word' id='word_1_89' title='bbox 1108 1573 1232 1659; x_wconf 83' lang='lat' dir='ltr'><strong>Nepote</strong></span> <span class='ocrx_word' id='word_1_90' title='bbox 1254 1572 1424 1659; x_wconf 91' lang='lat' dir='ltr'><strong>propositis</strong></span> 
     </span>
     <span class='ocr_line' id='line_1_13' title="bbox 209 1671 1424 1762; baseline -0.004 -22"><span class='ocrx_word' id='word_1_91' title='bbox 209 1686 366 1740; x_wconf 85' lang='lat' dir='ltr'><strong>auctorem</strong></span> <span class='ocrx_word' id='word_1_92' title='bbox 394 1674 433 1737; x_wconf 90' lang='lat' dir='ltr'><strong>de</strong></span> <span class='ocrx_word' id='word_1_93' title='bbox 466 1673 521 1736; x_wconf 88' lang='lat' dir='ltr'><strong>vir.</strong></span> <span class='ocrx_word' id='word_1_94' title='bbox 550 1671 594 1737; x_wconf 92' lang='lat' dir='ltr'><strong>ill.</strong></span> <span class='ocrx_word' id='word_1_95' title='bbox 625 1697 695 1739; x_wconf 87' lang='lat' dir='ltr'><strong>eam</strong></span> <span class='ocrx_word' id='word_1_96' title='bbox 721 1677 824 1761; x_wconf 90' lang='lat' dir='ltr'><strong>ipsam</strong></span> <span class='ocrx_word' id='word_1_97' title='bbox 853 1673 967 1759; x_wconf 86' lang='lat' dir='ltr'><strong>eligere</strong></span> <span class='ocrx_word' id='word_1_98' title='bbox 994 1675 1147 1762; x_wconf 90' lang='lat' dir='ltr'><strong>potuisse,</strong></span> <span class='ocrx_word' id='word_1_99' title='bbox 1182 1698 1277 1760; x_wconf 88' lang='lat' dir='ltr'><strong>quam</strong></span> <span class='ocrx_word' id='word_1_100' title='bbox 1301 1674 1424 1742; x_wconf 82' lang='lat' dir='ltr'><strong>Gellius</strong></span> 
     </span>
     <span class='ocr_line' id='line_1_14' title="bbox 208 1772 1425 1863; baseline 0 -23"><span class='ocrx_word' id='word_1_101' title='bbox 208 1800 271 1841; x_wconf 89' lang='lat' dir='ltr'><strong>nou</strong></span> <span class='ocrx_word' id='word_1_102' title='bbox 286 1775 420 1862; x_wconf 91' lang='lat' dir='ltr'><strong>Nepotis</strong></span> <span class='ocrx_word' id='word_1_103' title='bbox 443 1772 496 1839; x_wconf 88' lang='lat' dir='ltr'><strong>sed</strong></span> <span class='ocrx_word' id='word_1_104' title='bbox 513 1773 666 1840; x_wconf 85' lang='lat' dir='ltr'><strong>Varronis</strong></span> <span class='ocrx_word' id='word_1_105' title='bbox 688 1777 844 1863; x_wconf 89' lang='lat' dir='ltr'><strong>propriam</strong></span> <span class='ocrx_word' id='word_1_106' title='bbox 869 1797 937 1840; x_wconf 87' lang='lat' dir='ltr'><strong>esse</strong></span> <span class='ocrx_word' id='word_1_107' title='bbox 958 1774 1126 1858; x_wconf 80' lang='lat' dir='ltr'><strong>iudicavit3</strong></span> <span class='ocrx_word' id='word_1_108' title='bbox 1149 1777 1302 1862; x_wconf 86' lang='lat' dir='ltr'><strong>Nepotem</strong></span> <span class='ocrx_word' id='word_1_109' title='bbox 1319 1786 1425 1840; x_wconf 93' lang='lat' dir='ltr'><strong>autem</strong></span> 
     </span>
     <span class='ocr_line' id='line_1_15' title="bbox 207 1875 1424 1964; baseline -0.001 -21"><span class='ocrx_word' id='word_1_110' title='bbox 207 1878 285 1943; x_wconf 87' lang='lat' dir='ltr'><strong>haec</strong></span> <span class='ocrx_word' id='word_1_111' title='bbox 307 1877 439 1941; x_wconf 88' lang='lat' dir='ltr'><strong>fortasse</strong></span> <span class='ocrx_word' id='word_1_112' title='bbox 467 1877 646 1960; x_wconf 86' lang='lat' dir='ltr'><strong>scripsisse:</strong></span> <span class='ocrx_word' id='word_1_113' title='bbox 682 1876 841 1958; x_wconf 86' lang='lat' dir='ltr'><strong>,Manlius</strong></span> <span class='ocrx_word' id='word_1_114' title='bbox 868 1875 907 1941; x_wconf 89' lang='lat' dir='ltr'><strong>de</strong></span> <span class='ocrx_word' id='word_1_115' title='bbox 935 1899 1011 1941; x_wconf 87' lang='lat' dir='ltr'><strong>saxo</strong></span> <span class='ocrx_word' id='word_1_116' title='bbox 1038 1877 1173 1964; x_wconf 90' lang='lat' dir='ltr'><strong>Tarpeio</strong></span> <span class='ocrx_word' id='word_1_117' title='bbox 1200 1878 1424 1964; x_wconf 86' lang='lat' dir='ltr'><strong>praecipitatus</strong></span> 
     </span>
     <span class='ocr_line' id='line_1_16' title="bbox 207 1977 1425 2066; baseline -0.002 -22"><span class='ocrx_word' id='word_1_118' title='bbox 207 1977 403 2044; x_wconf 79' lang='lat' dir='ltr'><strong>verberando</strong></span> <span class='ocrx_word' id='word_1_119' title='bbox 434 1988 565 2042; x_wconf 86' lang='lat' dir='ltr'><strong>necatus</strong></span> <span class='ocrx_word' id='word_1_120' title='bbox 588 1981 664 2042; x_wconf 89' lang='lat' dir='ltr'><strong>est.“</strong></span> <span class='ocrx_word' id='word_1_121' title='bbox 709 1978 786 2064; x_wconf 93' lang='lat' dir='ltr'><strong>quid</strong></span> <span class='ocrx_word' id='word_1_122' title='bbox 807 1977 965 2064; x_wconf 83' lang='lat' dir='ltr'><strong>ineptius?</strong></span> <span class='ocrx_word' id='word_1_123' title='bbox 1000 1979 1026 2042; x_wconf 89' lang='lat' dir='ltr'><strong>si</strong></span> <span class='ocrx_word' id='word_1_124' title='bbox 1054 1979 1162 2064; x_wconf 90' lang='lat' dir='ltr'><strong>Nepos</strong></span> <span class='ocrx_word' id='word_1_125' title='bbox 1191 1977 1240 2042; x_wconf 91' lang='lat' dir='ltr'><strong>his</strong></span> <span class='ocrx_word' id='word_1_126' title='bbox 1263 1991 1328 2042; x_wconf 91' lang='lat' dir='ltr'><strong>tam</strong></span> <span class='ocrx_word' id='word_1_127' title='bbox 1357 2003 1425 2066; x_wconf 89' lang='lat' dir='ltr'><strong>per-</strong></span> 
     </span>
     <span class='ocr_line' id='line_1_17' title="bbox 211 2079 1425 2166; baseline -0.001 -21"><span class='ocrx_word' id='word_1_128' title='bbox 211 2080 308 2145; x_wconf 87' lang='lat' dir='ltr'><strong>versis</strong></span> <span class='ocrx_word' id='word_1_129' title='bbox 330 2080 436 2145; x_wconf 89' lang='lat' dir='ltr'><strong>verbis</strong></span> <span class='ocrx_word' id='word_1_130' title='bbox 458 2103 534 2145; x_wconf 92' lang='lat' dir='ltr'><strong>usus</strong></span> <span class='ocrx_word' id='word_1_131' title='bbox 557 2090 652 2160; x_wconf 87' lang='lat' dir='ltr'><strong>esset,</strong></span> <span class='ocrx_word' id='word_1_132' title='bbox 686 2081 740 2164; x_wconf 92' lang='lat' dir='ltr'><strong>qui</strong></span> <span class='ocrx_word' id='word_1_133' title='bbox 762 2103 878 2166; x_wconf 85' lang='lat' dir='ltr'><strong>quaeso</strong></span> <span class='ocrx_word' id='word_1_134' title='bbox 902 2079 970 2144; x_wconf 93' lang='lat' dir='ltr'><strong>fieri</strong></span> <span class='ocrx_word' id='word_1_135' title='bbox 992 2081 1107 2166; x_wconf 81' lang='lat' dir='ltr'><strong>potuit,</strong></span> <span class='ocrx_word' id='word_1_136' title='bbox 1143 2091 1177 2145; x_wconf 92' lang='lat' dir='ltr'><strong>ut</strong></span> <span class='ocrx_word' id='word_1_137' title='bbox 1203 2089 1234 2144; x_wconf 89' lang='lat' dir='ltr'><strong>et</strong></span> <span class='ocrx_word' id='word_1_138' title='bbox 1256 2088 1365 2143; x_wconf 88' lang='lat' dir='ltr'><strong>auctor</strong></span> <span class='ocrx_word' id='word_1_139' title='bbox 1387 2079 1425 2144; x_wconf 90' lang='lat' dir='ltr'><strong>de</strong></span> 
     </span>
     <span class='ocr_line' id='line_1_18' title="bbox 209 2180 1426 2268; baseline -0.004 -20"><span class='ocrx_word' id='word_1_140' title='bbox 209 2183 264 2248; x_wconf 88' lang='lat' dir='ltr'><strong>vir.</strong></span> <span class='ocrx_word' id='word_1_141' title='bbox 290 2182 330 2246; x_wconf 91' lang='lat' dir='ltr'><strong>ill.</strong></span> <span class='ocrx_word' id='word_1_142' title='bbox 355 2192 386 2246; x_wconf 88' lang='lat' dir='ltr'><strong>ct</strong></span> <span class='ocrx_word' id='word_1_143' title='bbox 407 2182 574 2268; x_wconf 90' lang='lat' dir='ltr'><strong>Ampelius</strong></span> <span class='ocrx_word' id='word_1_144' title='bbox 597 2183 638 2264; x_wconf 90' lang='lat' dir='ltr'><strong>(c.</strong></span> <span class='ocrx_word' id='word_1_145' title='bbox 662 2182 806 2262; x_wconf 86' lang='lat' dir='ltr'>XXVII,</span> <span class='ocrx_word' id='word_1_146' title='bbox 829 2184 862 2247; x_wconf 77' lang='lat'><strong>4:</strong></span> <span class='ocrx_word' id='word_1_147' title='bbox 896 2181 1037 2246; x_wconf 90' lang='lat' dir='ltr'><strong>Manlius</strong></span> <span class='ocrx_word' id='word_1_148' title='bbox 1053 2234 1057 2242; x_wconf 95' lang='lat'><strong>.</strong></span> <span class='ocrx_word' id='word_1_149' title='bbox 1073 2231 1101 2246; x_wconf 92' lang='lat'><strong>..</strong></span> <span class='ocrx_word' id='word_1_150' title='bbox 1129 2180 1169 2246; x_wconf 89' lang='lat' dir='ltr'><strong>de</strong></span> <span class='ocrx_word' id='word_1_151' title='bbox 1192 2181 1327 2267; x_wconf 85' lang='lat' dir='ltr'><strong>Tarpeio</strong></span> <span class='ocrx_word' id='word_1_152' title='bbox 1349 2201 1426 2244; x_wconf 83' lang='lat' dir='ltr'><strong>saxo</strong></span> 
     </span>
     <span class='ocr_line' id='line_1_19' title="bbox 208 2282 1427 2370; baseline -0.001 -23"><span class='ocrx_word' id='word_1_153' title='bbox 208 2282 433 2370; x_wconf 88' lang='lat' dir='ltr'><strong>praecipitatus</strong></span> <span class='ocrx_word' id='word_1_154' title='bbox 468 2282 530 2365; x_wconf 89' lang='lat' dir='ltr'><strong>est)</strong></span> <span class='ocrx_word' id='word_1_155' title='bbox 562 2306 634 2347; x_wconf 91' lang='lat' dir='ltr'><strong>eam</strong></span> <span class='ocrx_word' id='word_1_156' title='bbox 666 2283 865 2369; x_wconf 89' lang='lat' dir='ltr'><strong>potissimum</strong></span> <span class='ocrx_word' id='word_1_157' title='bbox 897 2283 1048 2368; x_wconf 85' lang='lat' dir='ltr'><strong>eligerent</strong></span> <span class='ocrx_word' id='word_1_158' title='bbox 1085 2283 1276 2363; x_wconf 82' lang='lat' dir='ltr'><strong>versionem,</strong></span> <span class='ocrx_word' id='word_1_159' title='bbox 1313 2305 1427 2368; x_wconf 85' lang='lat' dir='ltr'><strong>„quarn</strong></span> 
     </span>
     <span class='ocr_line' id='line_1_20' title="bbox 211 2383 1427 2472; baseline -0.003 -21"><span class='ocrx_word' id='word_1_160' title='bbox 211 2384 333 2451; x_wconf 86' lang='lat' dir='ltr'><strong>Gellius</strong></span> <span class='ocrx_word' id='word_1_161' title='bbox 355 2408 419 2449; x_wconf 93' lang='lat' dir='ltr'><strong>non</strong></span> <span class='ocrx_word' id='word_1_162' title='bbox 434 2383 567 2470; x_wconf 90' lang='lat' dir='ltr'><strong>Nepotis</strong></span> <span class='ocrx_word' id='word_1_163' title='bbox 590 2383 643 2448; x_wconf 91' lang='lat' dir='ltr'><strong>sed</strong></span> <span class='ocrx_word' id='word_1_164' title='bbox 660 2383 812 2449; x_wconf 87' lang='lat' dir='ltr'><strong>Varronis</strong></span> <span class='ocrx_word' id='word_1_165' title='bbox 843 2386 1000 2472; x_wconf 90' lang='lat' dir='ltr'><strong>propriam</strong></span> <span class='ocrx_word' id='word_1_166' title='bbox 1017 2408 1086 2450; x_wconf 88' lang='lat' dir='ltr'><strong>esse</strong></span> <span class='ocrx_word' id='word_1_167' title='bbox 1101 2384 1292 2450; x_wconf 83' lang='lat' dir='ltr'><strong>iudicavit“?</strong></span> <span class='ocrx_word' id='word_1_168' title='bbox 1317 2407 1427 2449; x_wconf 87' lang='lat' dir='ltr'><strong>verum</strong></span> 
     </span>
     <span class='ocr_line' id='line_1_21' title="bbox 212 2485 1426 2573; baseline -0.003 -20"><span class='ocrx_word' id='word_1_169' title='bbox 212 2489 305 2554; x_wconf 88' lang='lat' dir='ltr'><strong>etiam</strong></span> <span class='ocrx_word' id='word_1_170' title='bbox 328 2487 437 2552; x_wconf 86' lang='lat' dir='ltr'><strong>relicto</strong></span> <span class='ocrx_word' id='word_1_171' title='bbox 462 2486 607 2573; x_wconf 85' lang='lat' dir='ltr'><strong>Ampelio</strong></span> <span class='ocrx_word' id='word_1_172' title='bbox 628 2485 762 2572; x_wconf 91' lang='lat' dir='ltr'><strong>Hauptii</strong></span> <span class='ocrx_word' id='word_1_173' title='bbox 784 2487 839 2550; x_wconf 90' lang='lat' dir='ltr'><strong>illa</strong></span> <span class='ocrx_word' id='word_1_174' title='bbox 862 2485 996 2550; x_wconf 85' lang='lat' dir='ltr'><strong>artificia</strong></span> <span class='ocrx_word' id='word_1_175' title='bbox 1021 2497 1179 2551; x_wconf 89' lang='lat' dir='ltr'><strong>corruunt.</strong></span> <span class='ocrx_word' id='word_1_176' title='bbox 1213 2508 1315 2571; x_wconf 85' lang='lat' dir='ltr'><strong>neque</strong></span> <span class='ocrx_word' id='word_1_177' title='bbox 1343 2485 1426 2551; x_wconf 90' lang='lat' dir='ltr'><strong>enim</strong></span> 
     </span>
     <span class='ocr_line' id='line_1_22' title="bbox 210 2586 1427 2674; baseline -0.005 -18"><span class='ocrx_word' id='word_1_178' title='bbox 210 2592 378 2656; x_wconf 87' lang='lat' dir='ltr'><strong>verborum</strong></span> <span class='ocrx_word' id='word_1_179' title='bbox 413 2588 469 2656; x_wconf 90' lang='lat' dir='ltr'><strong>sed</strong></span> <span class='ocrx_word' id='word_1_180' title='bbox 500 2611 605 2653; x_wconf 88' lang='lat' dir='ltr'><strong>rerum</strong></span> <span class='ocrx_word' id='word_1_181' title='bbox 638 2587 882 2674; x_wconf 87' lang='lat' dir='ltr'><strong>discrepantiam</strong></span> <span class='ocrx_word' id='word_1_182' title='bbox 911 2586 1034 2654; x_wconf 89' lang='lat' dir='ltr'><strong>Gellius</strong></span> <span class='ocrx_word' id='word_1_183' title='bbox 1065 2587 1235 2672; x_wconf 83' lang='lat' dir='ltr'><strong>significat:</strong></span> <span class='ocrx_word' id='word_1_184' title='bbox 1270 2588 1427 2674; x_wconf 88' lang='lat' dir='ltr'><strong>Nepotem</strong></span> 
     </span>
     <span class='ocr_line' id='line_1_23' title="bbox 210 2688 1427 2777; baseline -0.002 -21"><span class='ocrx_word' id='word_1_185' title='bbox 210 2691 332 2756; x_wconf 87' lang='lat' dir='ltr'><strong>tradere</strong></span> <span class='ocrx_word' id='word_1_186' title='bbox 358 2690 508 2755; x_wconf 89' lang='lat' dir='ltr'><strong>Manlium</strong></span> <span class='ocrx_word' id='word_1_187' title='bbox 531 2713 586 2777; x_wconf 90' lang='lat' dir='ltr'><strong>per</strong></span> <span class='ocrx_word' id='word_1_188' title='bbox 609 2688 827 2773; x_wconf 61' lang='lat' dir='ltr'><strong>duumviros)</strong></span> <span class='ocrx_word' id='word_1_189' title='bbox 857 2690 1061 2776; x_wconf 90' lang='lat' dir='ltr'><strong>perduellioni</strong></span> <span class='ocrx_word' id='word_1_190' title='bbox 1087 2688 1313 2772; x_wconf 58' lang='lat' dir='ltr'><strong>iudicandam)</strong></span> <span class='ocrx_word' id='word_1_191' title='bbox 1338 2689 1427 2754; x_wconf 89' lang='lat' dir='ltr'><strong>dam-</strong></span> 
     </span>
     <span class='ocr_line' id='line_1_24' title="bbox 210 2790 1425 2879; baseline -0.005 -19"><span class='ocrx_word' id='word_1_192' title='bbox 210 2805 318 2860; x_wconf 91' lang='lat' dir='ltr'><strong>natum</strong></span> <span class='ocrx_word' id='word_1_193' title='bbox 333 2793 466 2879; x_wconf 90' lang='lat' dir='ltr'><strong>ideoque</strong></span> <span class='ocrx_word' id='word_1_194' title='bbox 483 2814 587 2873; x_wconf 88' lang='lat' dir='ltr'><strong>„more</strong></span> <span class='ocrx_word' id='word_1_195' title='bbox 603 2792 776 2856; x_wconf 69' lang='lat' dir='ltr'><strong>maiorum‘</strong></span> <span class='ocrx_word' id='word_1_196' title='bbox 800 2794 999 2856; x_wconf 86' lang='lat' dir='ltr'><strong>verberatum</strong></span> <span class='ocrx_word' id='word_1_197' title='bbox 1016 2814 1094 2870; x_wconf 89' lang='lat' dir='ltr'><strong>esse,</strong></span> <span class='ocrx_word' id='word_1_198' title='bbox 1118 2790 1294 2856; x_wconf 86' lang='lat' dir='ltr'><strong>Varronem</strong></span> <span class='ocrx_word' id='word_1_199' title='bbox 1312 2802 1425 2870; x_wconf 90' lang='lat' dir='ltr'><strong>autem,</strong></span> 
     </span>
     <span class='ocr_line' id='line_1_25' title="bbox 211 2891 1426 2982; baseline -0.007 -20"><span class='ocrx_word' id='word_1_200' title='bbox 211 2920 283 2962; x_wconf 89' lang='lat' dir='ltr'><strong>eum</strong></span> <span class='ocrx_word' id='word_1_201' title='bbox 305 2919 361 2982; x_wconf 89' lang='lat' dir='ltr'><strong>per</strong></span> <span class='ocrx_word' id='word_1_202' title='bbox 382 2895 526 2960; x_wconf 89' lang='lat' dir='ltr'><strong>tribunos</strong></span> <span class='ocrx_word' id='word_1_203' title='bbox 548 2893 729 2958; x_wconf 89' lang='lat' dir='ltr'><strong>damnatum</strong></span> <span class='ocrx_word' id='word_1_204' title='bbox 753 2891 887 2978; x_wconf 91' lang='lat' dir='ltr'><strong>ideoque</strong></span> <span class='ocrx_word' id='word_1_205' title='bbox 916 2893 954 2958; x_wconf 93' lang='lat' dir='ltr'><strong>de</strong></span> <span class='ocrx_word' id='word_1_206' title='bbox 976 2917 1053 2958; x_wconf 86' lang='lat' dir='ltr'><strong>saxo</strong></span> <span class='ocrx_word' id='word_1_207' title='bbox 1078 2891 1214 2977; x_wconf 88' lang='lat' dir='ltr'><strong>Tarpeio</strong></span> <span class='ocrx_word' id='word_1_208' title='bbox 1237 2891 1426 2978; x_wconf 89' lang='lat' dir='ltr'><strong>praecipita·</strong></span> 
     </span>
     <span class='ocr_line' id='line_1_26' title="bbox 211 2991 1426 3081; baseline -0.005 -19"><span class='ocrx_word' id='word_1_209' title='bbox 211 3009 274 3063; x_wconf 89' lang='lat' dir='ltr'><strong>tum</strong></span> <span class='ocrx_word' id='word_1_210' title='bbox 299 3020 368 3062; x_wconf 90' lang='lat' dir='ltr'><strong>esse</strong></span> <span class='ocrx_word' id='word_1_211' title='bbox 392 2998 433 3081; x_wconf 86' lang='lat' dir='ltr'><strong>[v.</strong></span> <span class='ocrx_word' id='word_1_212' title='bbox 458 2994 691 3080; x_wconf 87' lang='lat' dir='ltr'><strong>Schweglerum</strong></span> <span class='ocrx_word' id='word_1_213' title='bbox 716 2993 745 3059; x_wconf 92' lang='lat' dir='ltr'><strong>h.</strong></span> <span class='ocrx_word' id='word_1_214' title='bbox 769 2993 799 3058; x_wconf 87' lang='lat' dir='ltr'><strong>R</strong></span> <span class='ocrx_word' id='word_1_215' title='bbox 830 2993 890 3075; x_wconf 92' lang='lat' dir='ltr'><strong>llI,</strong></span> <span class='ocrx_word' id='word_1_216' title='bbox 915 2997 985 3075; x_wconf 81' lang='grc'>297,</span> <span class='ocrx_word' id='word_1_217' title='bbox 1009 2993 1245 3058; x_wconf 90' lang='lat' dir='ltr'><strong>Mommsenum</strong></span> <span class='ocrx_word' id='word_1_218' title='bbox 1262 2993 1369 3058; x_wconf 90' lang='lat' dir='ltr'><strong>Herm.</strong></span> <span class='ocrx_word' id='word_1_219' title='bbox 1386 2991 1426 3073; x_wconf 88' lang='lat' dir='ltr'><strong>V,</strong></span> 
     </span>
     <span class='ocr_line' id='line_1_27' title="bbox 211 3095 838 3186; baseline -0.005 -23"><span class='ocrx_word' id='word_1_220' title='bbox 211 3124 240 3186; x_wconf 91' lang='lat' dir='ltr'><strong>p.</strong></span> <span class='ocrx_word' id='word_1_221' title='bbox 258 3099 319 3163; x_wconf 85' lang='grc'><strong>252</strong></span> <span class='ocrx_word' id='word_1_222' title='bbox 337 3130 359 3150; x_wconf 92' lang='lat'>=</span> <span class='ocrx_word' id='word_1_223' title='bbox 376 3097 506 3178; x_wconf 79' lang='lat' dir='ltr'><strong>Quaest.</strong></span> <span class='ocrx_word' id='word_1_224' title='bbox 529 3096 621 3160; x_wconf 86' lang='lat' dir='ltr'><strong>Rom.</strong></span> <span class='ocrx_word' id='word_1_225' title='bbox 637 3095 681 3174; x_wconf 91' lang='lat' dir='ltr'><strong>II,</strong></span> <span class='ocrx_word' id='word_1_226' title='bbox 705 3119 734 3182; x_wconf 96' lang='lat' dir='ltr'><strong>p.</strong></span> <span class='ocrx_word' id='word_1_227' title='bbox 754 3098 838 3178; x_wconf 69' lang='lat'><strong>1951.</strong></span> 
     </span>
    </p>

    <p class='ocr_par' dir='ltr' id='par_1_5' title="bbox 211 3195 1432 3487">
     <span class='ocr_line' id='line_1_28' title="bbox 296 3195 1430 3285; baseline -0.005 -21"><span class='ocrx_word' id='word_1_228' title='bbox 296 3200 440 3285; x_wconf 90' lang='lat' dir='ltr'><strong>Itemque</strong></span> <span class='ocrx_word' id='word_1_229' title='bbox 467 3221 548 3284; x_wconf 87' lang='lat' dir='ltr'><strong>nego</strong></span> <span class='ocrx_word' id='word_1_230' title='bbox 572 3220 621 3278; x_wconf 85' lang='lat' dir='ltr'><strong>ea,</strong></span> <span class='ocrx_word' id='word_1_231' title='bbox 650 3221 729 3283; x_wconf 91' lang='lat' dir='ltr'><strong>quae</strong></span> <span class='ocrx_word' id='word_1_232' title='bbox 758 3197 797 3262; x_wconf 90' lang='lat' dir='ltr'><strong>de</strong></span> <span class='ocrx_word' id='word_1_233' title='bbox 824 3197 874 3263; x_wconf 89' lang='lat' dir='ltr'><strong>die</strong></span> <span class='ocrx_word' id='word_1_234' title='bbox 903 3197 937 3262; x_wconf 91' lang='lat' dir='ltr'><strong>P.</strong></span> <span class='ocrx_word' id='word_1_235' title='bbox 963 3197 1109 3264; x_wconf 84' lang='lat' dir='ltr'><strong>Cornelio</strong></span> <span class='ocrx_word' id='word_1_236' title='bbox 1132 3195 1273 3282; x_wconf 87' lang='lat' dir='ltr'><strong>Scipioni</strong></span> <span class='ocrx_word' id='word_1_237' title='bbox 1301 3196 1430 3279; x_wconf 89' lang='lat' dir='ltr'><strong>eiusque</strong></span> 
     </span>
     <span class='ocr_line' id='line_1_29' title="bbox 211 3297 1430 3386; baseline -0.005 -20"><span class='ocrx_word' id='word_1_238' title='bbox 211 3302 301 3367; x_wconf 86' lang='lat' dir='ltr'><strong>fratri</strong></span> <span class='ocrx_word' id='word_1_239' title='bbox 331 3301 416 3365; x_wconf 89' lang='lat' dir='ltr'><strong>dicta</strong></span> <span class='ocrx_word' id='word_1_240' title='bbox 442 3301 483 3364; x_wconf 91' lang='lat' dir='ltr'><strong>ab</strong></span> <span class='ocrx_word' id='word_1_241' title='bbox 510 3310 636 3364; x_wconf 86' lang='lat' dir='ltr'><strong>auctore</strong></span> <span class='ocrx_word' id='word_1_242' title='bbox 663 3309 769 3363; x_wconf 90' lang='lat' dir='ltr'><strong>nostro</strong></span> <span class='ocrx_word' id='word_1_243' title='bbox 797 3309 996 3386; x_wconf 90' lang='lat' dir='ltr'><strong>exponuntur</strong></span> <span class='ocrx_word' id='word_1_244' title='bbox 1024 3301 1065 3381; x_wconf 88' lang='lat' dir='ltr'><strong>(c.</strong></span> <span class='ocrx_word' id='word_1_245' title='bbox 1085 3297 1234 3380; x_wconf 88' lang='lat' dir='ltr'>XLIX),</span> <span class='ocrx_word' id='word_1_246' title='bbox 1264 3321 1281 3362; x_wconf 91' lang='lat' dir='ltr'><strong>e</strong></span> <span class='ocrx_word' id='word_1_247' title='bbox 1307 3297 1430 3382; x_wconf 86' lang='lat' dir='ltr'><strong>Nepote</strong></span> 
     </span>
     <span class='ocr_line' id='line_1_30' title="bbox 212 3398 1432 3487; baseline -0.006 -19"><span class='ocrx_word' id='word_1_248' title='bbox 212 3403 349 3468; x_wconf 84' lang='lat' dir='ltr'><strong>fluxisse.</strong></span> <span class='ocrx_word' id='word_1_249' title='bbox 394 3425 468 3465; x_wconf 90' lang='lat' dir='ltr'><strong>nam</strong></span> <span class='ocrx_word' id='word_1_250' title='bbox 490 3402 637 3487; x_wconf 86' lang='lat' dir='ltr'><strong>Nepos³)</strong></span> <span class='ocrx_word' id='word_1_251' title='bbox 672 3399 770 3486; x_wconf 89' lang='lat' dir='ltr'><strong>[apud</strong></span> <span class='ocrx_word' id='word_1_252' title='bbox 790 3399 930 3466; x_wconf 89' lang='lat' dir='ltr'><strong>Gellium</strong></span> <span class='ocrx_word' id='word_1_253' title='bbox 945 3399 1002 3480; x_wconf 92' lang='lat' dir='ltr'><strong>IV,</strong></span> <span class='ocrx_word' id='word_1_254' title='bbox 1027 3401 1065 3464; x_wconf 90' lang='lat'><strong>18</strong></span> <span class='ocrx_word' id='word_1_255' title='bbox 1088 3424 1118 3487; x_wconf 89' lang='lat' dir='ltr'><strong>p.</strong></span> <span class='ocrx_word' id='word_1_256' title='bbox 1137 3400 1210 3482; x_wconf 78' lang='lat'>157]</span> <span class='ocrx_word' id='word_1_257' title='bbox 1236 3398 1314 3462; x_wconf 88' lang='lat' dir='ltr'><strong>duos</strong></span> <span class='ocrx_word' id='word_1_258' title='bbox 1336 3398 1432 3462; x_wconf 90' lang='lat' dir='ltr'><strong>habet</strong></span> 
     </span>
    </p>
   </div>
   <div class='ocr_carea' id='block_1_5' title="bbox 105 3500 1432 3588">
    <p class='ocr_par' dir='ltr' id='par_1_6' title="bbox 105 3500 1432 3588">
     <span class='ocr_line' id='line_1_31' title="bbox 105 3500 1432 3588; baseline -0.005 -19"><span class='ocrx_word' id='word_1_259' title='bbox 105 3505 107 3510; x_wconf 73' lang='grc'>’</span> <span class='ocrx_word' id='word_1_260' title='bbox 213 3513 412 3569; x_wconf 84' lang='lat' dir='ltr'><strong>accusatores</strong></span> <span class='ocrx_word' id='word_1_261' title='bbox 446 3502 598 3587; x_wconf 79' lang='lat' dir='ltr'><strong>[,Petillii</strong></span> <span class='ocrx_word' id='word_1_262' title='bbox 630 3500 755 3586; x_wconf 91' lang='lat' dir='ltr'><strong>quidam</strong></span> <span class='ocrx_word' id='word_1_263' title='bbox 780 3502 898 3566; x_wconf 87' lang='lat' dir='ltr'><strong>tribuni</strong></span> <span class='ocrx_word' id='word_1_264' title='bbox 920 3501 1011 3588; x_wconf 81' lang='lat' dir='ltr'><strong>pl.“],</strong></span> <span class='ocrx_word' id='word_1_265' title='bbox 1051 3512 1158 3566; x_wconf 86' lang='lat' dir='ltr'><strong>auctor</strong></span> <span class='ocrx_word' id='word_1_266' title='bbox 1196 3511 1303 3566; x_wconf 86' lang='lat' dir='ltr'><strong>noster</strong></span> <span class='ocrx_word' id='word_1_267' title='bbox 1338 3501 1432 3584; x_wconf 87' lang='lat' dir='ltr'><strong>[sicut</strong></span> 
     </span>
    </p>
   </div>
   <div class='ocr_carea' id='block_1_6' title="bbox 212 3601 1440 3792">
    <p class='ocr_par' dir='ltr' id='par_1_7' title="bbox 212 3601 1440 3792">
     <span class='ocr_line' id='line_1_32' title="bbox 214 3601 1440 3690; baseline -0.005 -21"><span class='ocrx_word' id='word_1_268' title='bbox 214 3605 364 3690; x_wconf 89' lang='lat' dir='ltr'><strong>Polybius</strong></span> <span class='ocrx_word' id='word_1_269' title='bbox 380 3603 505 3683; x_wconf 90' lang='lat' dir='ltr'>XXIV,</span> <span class='ocrx_word' id='word_1_270' title='bbox 530 3606 549 3668; x_wconf 87' lang='grc'>9</span> <span class='ocrx_word' id='word_1_271' title='bbox 571 3625 602 3688; x_wconf 91' lang='lat' dir='ltr'><strong>p.</strong></span> <span class='ocrx_word' id='word_1_272' title='bbox 620 3603 701 3666; x_wconf 84' lang='grc'>1125</span> <span class='ocrx_word' id='word_1_273' title='bbox 718 3602 767 3667; x_wconf 90' lang='lat' dir='ltr'><strong>ed.</strong></span> <span class='ocrx_word' id='word_1_274' title='bbox 783 3602 944 3684; x_wconf 83' lang='lat' dir='ltr'><strong>Hultsoh.]</strong></span> <span class='ocrx_word' id='word_1_275' title='bbox 962 3626 1055 3667; x_wconf 87' lang='lat' dir='ltr'><strong>unum</strong></span> <span class='ocrx_word' id='word_1_276' title='bbox 1076 3604 1130 3686; x_wconf 90' lang='lat' dir='ltr'><strong>[„a</strong></span> <span class='ocrx_word' id='word_1_277' title='bbox 1144 3601 1269 3667; x_wconf 93' lang='lat' dir='ltr'><strong>Petillio</strong></span> <span class='ocrx_word' id='word_1_278' title='bbox 1284 3601 1440 3686; x_wconf 69' lang='lat' dir='ltr'><strong>Ateioti).</strong></span> 
     </span>
     <span class='ocr_line' id='line_1_33' title="bbox 212 3701 1431 3792; baseline -0.005 -21"><span class='ocrx_word' id='word_1_279' title='bbox 212 3720 250 3772; x_wconf 91' lang='lat' dir='ltr'><strong>tr.</strong></span> <span class='ocrx_word' id='word_1_280' title='bbox 276 3706 369 3792; x_wconf 80' lang='lat' dir='ltr'><strong>pl.&#39;“],</strong></span> <span class='ocrx_word' id='word_1_281' title='bbox 404 3707 511 3792; x_wconf 91' lang='lat' dir='ltr'><strong>Nepos</strong></span> <span class='ocrx_word' id='word_1_282' title='bbox 535 3703 577 3789; x_wconf 90' lang='lat' dir='ltr'><strong>[v.</strong></span> <span class='ocrx_word' id='word_1_283' title='bbox 601 3703 713 3789; x_wconf 88' lang='lat' dir='ltr'><strong>Polyb.</strong></span> <span class='ocrx_word' id='word_1_284' title='bbox 738 3704 758 3768; x_wconf 92' lang='lat' dir='ltr'><strong>l.</strong></span> <span class='ocrx_word' id='word_1_285' title='bbox 782 3704 817 3786; x_wconf 88' lang='lat' dir='ltr'><strong>l]</strong></span> <span class='ocrx_word' id='word_1_286' title='bbox 842 3727 969 3768; x_wconf 86' lang='lat' dir='ltr'><strong>causam</strong></span> <span class='ocrx_word' id='word_1_287' title='bbox 998 3705 1029 3768; x_wconf 91' lang='lat' dir='ltr'><strong>in</strong></span> <span class='ocrx_word' id='word_1_288' title='bbox 1060 3715 1183 3784; x_wconf 93' lang='lat' dir='ltr'><strong>senatu,</strong></span> <span class='ocrx_word' id='word_1_289' title='bbox 1218 3714 1325 3769; x_wconf 90' lang='lat' dir='ltr'><strong>noster</strong></span> <span class='ocrx_word' id='word_1_290' title='bbox 1347 3701 1431 3789; x_wconf 91' lang='lat' dir='ltr'><strong>apud</strong></span> 
     </span>
    </p>
   </div>
   <div class='ocr_carea' id='block_1_7' title="bbox 213 3924 1434 4508">
    <p class='ocr_par' dir='ltr' id='par_1_8' title="bbox 213 3924 1431 4081">
     <span class='ocr_line' id='line_1_34' title="bbox 213 3924 1431 3995; baseline 0 -13"><span class='ocrx_word' id='word_1_291' title='bbox 213 3928 242 3982; x_wconf 86' lang='lat' dir='ltr'><strong>T.</strong></span> <span class='ocrx_word' id='word_1_292' title='bbox 255 3927 325 3980; x_wconf 81' lang='lat' dir='ltr'><strong>Livii</strong></span> <span class='ocrx_word' id='word_1_293' title='bbox 342 3924 481 3980; x_wconf 83' lang='lat' dir='ltr'><strong>annalibus</strong></span> <span class='ocrx_word' id='word_1_294' title='bbox 499 3930 548 3979; x_wconf 85' lang='lat' dir='ltr'><strong>oct.</strong></span> <span class='ocrx_word' id='word_1_295' title='bbox 566 3943 590 3994; x_wconf 93' lang='lat' dir='ltr'><strong>p.</strong></span> <span class='ocrx_word' id='word_1_296' title='bbox 604 3930 646 3992; x_wconf 87' lang='grc'>32,</span> <span class='ocrx_word' id='word_1_297' title='bbox 663 3925 813 3994; x_wconf 86' lang='lat' dir='ltr'><strong>Kempfium</strong></span> <span class='ocrx_word' id='word_1_298' title='bbox 833 3927 859 3977; x_wconf 92' lang='lat' dir='ltr'><strong>in</strong></span> <span class='ocrx_word' id='word_1_299' title='bbox 879 3926 1040 3994; x_wconf 85' lang='lat' dir='ltr'><strong>praelatione</strong></span> <span class='ocrx_word' id='word_1_300' title='bbox 1054 3926 1178 3978; x_wconf 85' lang='lat' dir='ltr'><strong>editionis</strong></span> <span class='ocrx_word' id='word_1_301' title='bbox 1199 3925 1254 3979; x_wconf 88' lang='lat' dir='ltr'><strong>Val.</strong></span> <span class='ocrx_word' id='word_1_302' title='bbox 1268 3928 1336 3983; x_wconf 85' lang='lat' dir='ltr'><strong>llax.</strong></span> <span class='ocrx_word' id='word_1_303' title='bbox 1354 3943 1379 3995; x_wconf 93' lang='lat' dir='ltr'><strong>p.</strong></span> <span class='ocrx_word' id='word_1_304' title='bbox 1393 3931 1431 3982; x_wconf 84' lang='grc'>18,</span> 
     </span>
     <span class='ocr_line' id='line_1_35' title="bbox 214 4010 1102 4081; baseline -0.002 -16"><span class='ocrx_word' id='word_1_305' title='bbox 214 4013 339 4066; x_wconf 82' lang='lat' dir='ltr'><strong>Pelorum</strong></span> <span class='ocrx_word' id='word_1_306' title='bbox 358 4011 389 4064; x_wconf 88' lang='lat' dir='ltr'><strong>dc</strong></span> <span class='ocrx_word' id='word_1_307' title='bbox 408 4011 526 4064; x_wconf 81' lang='lat' dir='ltr'><strong>fontibus</strong></span> <span class='ocrx_word' id='word_1_308' title='bbox 544 4011 677 4064; x_wconf 85' lang='lat' dir='ltr'><strong>Plutarchi</strong></span> <span class='ocrx_word' id='word_1_309' title='bbox 696 4029 721 4081; x_wconf 93' lang='lat' dir='ltr'><strong>p.</strong></span> <span class='ocrx_word' id='word_1_310' title='bbox 735 4017 776 4076; x_wconf 77' lang='lat'><strong>75,</strong></span> <span class='ocrx_word' id='word_1_311' title='bbox 795 4011 933 4063; x_wconf 86' lang='lat' dir='ltr'><strong>Soltarum</strong></span> <span class='ocrx_word' id='word_1_312' title='bbox 950 4010 969 4064; x_wconf 90' lang='lat' dir='ltr'><strong>l.</strong></span> <span class='ocrx_word' id='word_1_313' title='bbox 988 4012 1004 4064; x_wconf 92' lang='grc' dir='ltr'><strong>Ι.</strong></span> <span class='ocrx_word' id='word_1_314' title='bbox 1024 4027 1049 4078; x_wconf 91' lang='lat' dir='ltr'><strong>p.</strong></span> <span class='ocrx_word' id='word_1_315' title='bbox 1062 4016 1102 4066; x_wconf 80' lang='lat'><strong>56.</strong></span> 
     </span>
    </p>

    <p class='ocr_par' dir='ltr' id='par_1_9' title="bbox 214 4095 1434 4237">
     <span class='ocr_line' id='line_1_36' title="bbox 285 4095 1434 4168; baseline -0.002 -18"><span class='ocrx_word' id='word_1_316' title='bbox 285 4101 308 4153; x_wconf 83' lang='lat' dir='ltr'><strong>ll</strong></span> <span class='ocrx_word' id='word_1_317' title='bbox 327 4097 383 4150; x_wconf 86' lang='lat' dir='ltr'><strong>Liv.</strong></span> <span class='ocrx_word' id='word_1_318' title='bbox 403 4097 448 4161; x_wconf 86' lang='lat' dir='ltr'><strong>Vl,</strong></span> <span class='ocrx_word' id='word_1_319' title='bbox 467 4103 508 4162; x_wconf 90' lang='grc'>20,</span> <span class='ocrx_word' id='word_1_320' title='bbox 530 4104 571 4152; x_wconf 62' lang='grc'><strong>121</strong></span> <span class='ocrx_word' id='word_1_321' title='bbox 590 4101 654 4150; x_wconf 88' lang='lat' dir='ltr'><strong>suut</strong></span> <span class='ocrx_word' id='word_1_322' title='bbox 672 4099 715 4166; x_wconf 91' lang='lat' dir='ltr'><strong>qui</strong></span> <span class='ocrx_word' id='word_1_323' title='bbox 730 4114 775 4166; x_wconf 88' lang='lat' dir='ltr'><strong>per</strong></span> <span class='ocrx_word' id='word_1_324' title='bbox 787 4095 941 4149; x_wconf 82' lang='lat' dir='ltr'><strong>duumviros</strong></span> <span class='ocrx_word' id='word_1_325' title='bbox 961 4097 1004 4165; x_wconf 88' lang='lat' dir='ltr'><strong>qui</strong></span> <span class='ocrx_word' id='word_1_326' title='bbox 1019 4097 1050 4150; x_wconf 87' lang='lat' dir='ltr'><strong>de</strong></span> <span class='ocrx_word' id='word_1_327' title='bbox 1063 4098 1242 4168; x_wconf 87' lang='lat' dir='ltr'><strong>perduellione</strong></span> <span class='ocrx_word' id='word_1_328' title='bbox 1256 4097 1434 4166; x_wconf 84' lang='lat' dir='ltr'><strong>anquirerent,</strong></span> 
     </span>
     <span class='ocr_line' id='line_1_37' title="bbox 214 4183 711 4237; baseline 0 -1"><span class='ocrx_word' id='word_1_329' title='bbox 214 4189 316 4237; x_wconf 86' lang='lat' dir='ltr'><strong>creatos</strong></span> <span class='ocrx_word' id='word_1_330' title='bbox 335 4187 454 4236; x_wconf 88' lang='lat' dir='ltr'><strong>auctores</strong></span> <span class='ocrx_word' id='word_1_331' title='bbox 474 4185 529 4235; x_wconf 87' lang='lat' dir='ltr'><strong>sint</strong></span> <span class='ocrx_word' id='word_1_332' title='bbox 547 4183 711 4236; x_wconf 85' lang='lat' dir='ltr'><strong>damnatum.</strong></span> 
     </span>
    </p>

    <p class='ocr_par' dir='ltr' id='par_1_10' title="bbox 284 4267 1046 4336">
     <span class='ocr_line' id='line_1_38' title="bbox 284 4267 1046 4336; baseline -0.003 -12"><span class='ocrx_word' id='word_1_333' title='bbox 284 4269 309 4336; x_wconf 87' lang='grc'>2)</span> <span class='ocrx_word' id='word_1_334' title='bbox 326 4285 352 4323; x_wconf 76' lang='lat' dir='ltr'><strong>r.</strong></span> <span class='ocrx_word' id='word_1_335' title='bbox 375 4270 568 4322; x_wconf 81' lang='lat' dir='ltr'><strong>Mommsenum</strong></span> <span class='ocrx_word' id='word_1_336' title='bbox 592 4269 666 4324; x_wconf 76' lang='lat' dir='ltr'><strong>Rom.</strong></span> <span class='ocrx_word' id='word_1_337' title='bbox 689 4268 797 4322; x_wconf 85' lang='lat' dir='ltr'><strong>Staatsr.</strong></span> <span class='ocrx_word' id='word_1_338' title='bbox 816 4267 839 4319; x_wconf 95' lang='lat' dir='ltr'><strong>ll</strong></span> <span class='ocrx_word' id='word_1_339' title='bbox 864 4283 880 4335; x_wconf 92' lang='lat' dir='ltr'><strong>p</strong></span> <span class='ocrx_word' id='word_1_340' title='bbox 903 4269 953 4320; x_wconf 82' lang='lat'><strong>600</strong></span> <span class='ocrx_word' id='word_1_341' title='bbox 978 4285 1004 4320; x_wconf 91' lang='lat' dir='ltr'><strong>n.</strong></span> <span class='ocrx_word' id='word_1_342' title='bbox 1022 4274 1046 4323; x_wconf 85' lang='lat'><strong>4.</strong></span> 
     </span>
    </p>

    <p class='ocr_par' dir='ltr' id='par_1_11' title="bbox 215 4351 1432 4508">
     <span class='ocr_line' id='line_1_39' title="bbox 284 4351 1432 4422; baseline -0.003 -14"><span class='ocrx_word' id='word_1_343' title='bbox 284 4358 310 4421; x_wconf 85' lang='grc'><strong>3)</strong></span> <span class='ocrx_word' id='word_1_344' title='bbox 328 4372 353 4410; x_wconf 80' lang='lat' dir='ltr'><strong>r.</strong></span> <span class='ocrx_word' id='word_1_345' title='bbox 379 4354 409 4410; x_wconf 92' lang='lat' dir='ltr'><strong>L.</strong></span> <span class='ocrx_word' id='word_1_346' title='bbox 435 4354 620 4417; x_wconf 79' lang='lat' dir='ltr'><strong>Metellinum,</strong></span> <span class='ocrx_word' id='word_1_347' title='bbox 648 4354 696 4406; x_wconf 84' lang='lat' dir='ltr'><strong>Dia</strong></span> <span class='ocrx_word' id='word_1_348' title='bbox 724 4351 912 4405; x_wconf 83' lang='lat' dir='ltr'><strong>Gitirmethode</strong></span> <span class='ocrx_word' id='word_1_349' title='bbox 948 4353 1003 4405; x_wconf 91' lang='lat' dir='ltr'><strong>und</strong></span> <span class='ocrx_word' id='word_1_350' title='bbox 1033 4351 1301 4422; x_wconf 73' lang='lat' dir='ltr'><strong>Quellenbanutzunq</strong></span> <span class='ocrx_word' id='word_1_351' title='bbox 1328 4352 1371 4404; x_wconf 81' lang='lat' dir='ltr'><strong>des</strong></span> <span class='ocrx_word' id='word_1_352' title='bbox 1401 4353 1432 4404; x_wconf 87' lang='lat' dir='ltr'><strong>A.</strong></span> 
     </span>
     <span class='ocr_line' id='line_1_40' title="bbox 215 4436 1290 4508; baseline -0.002 -14"><span class='ocrx_word' id='word_1_353' title='bbox 215 4439 315 4494; x_wconf 82' lang='lat' dir='ltr'><strong>Gellius</strong></span> <span class='ocrx_word' id='word_1_354' title='bbox 336 4441 363 4492; x_wconf 91' lang='lat' dir='ltr'><strong>in</strong></span> <span class='ocrx_word' id='word_1_355' title='bbox 386 4440 434 4494; x_wconf 82' lang='lat' dir='ltr'><strong>deu</strong></span> <span class='ocrx_word' id='word_1_356' title='bbox 462 4444 531 4494; x_wconf 89' lang='lat' dir='ltr'><strong>noct.</strong></span> <span class='ocrx_word' id='word_1_357' title='bbox 555 4443 618 4505; x_wconf 75' lang='lat' dir='ltr'><strong>aa..</strong></span> <span class='ocrx_word' id='word_1_358' title='bbox 636 4440 664 4492; x_wconf 92' lang='lat' dir='ltr'><strong>in</strong></span> <span class='ocrx_word' id='word_1_359' title='bbox 682 4436 763 4493; x_wconf 82' lang='lat' dir='ltr'><strong>Jahni</strong></span> <span class='ocrx_word' id='word_1_360' title='bbox 780 4437 920 4491; x_wconf 85' lang='lat' dir='ltr'><strong>annalibus</strong></span> <span class='ocrx_word' id='word_1_361' title='bbox 937 4443 1012 4502; x_wconf 80' lang='lat'>1860,</span> <span class='ocrx_word' id='word_1_362' title='bbox 1031 4437 1069 4490; x_wconf 90' lang='lat'><strong>111</strong></span> <span class='ocrx_word' id='word_1_363' title='bbox 1087 4437 1173 4507; x_wconf 88' lang='lat' dir='ltr'><strong>suppl.</strong></span> <span class='ocrx_word' id='word_1_364' title='bbox 1193 4454 1217 4508; x_wconf 94' lang='lat' dir='ltr'><strong>p.</strong></span> <span class='ocrx_word' id='word_1_365' title='bbox 1231 4443 1290 4492; x_wconf 85' lang='grc'>668.</span> 
     </span>
    </p>
   </div>
   <div class='ocr_carea' id='block_1_8' title="bbox 0 0 1627 5174">
    <p class='ocr_par' dir='ltr' id='par_1_12' title="bbox 0 0 1627 5174">
     <span class='ocr_line' id='line_1_41' title="bbox 0 0 1627 5174; baseline 0 0"><span class='ocrx_word' id='word_1_366' title='bbox 0 0 1627 5174; x_wconf 95' lang='lat' dir='ltr'><strong> </strong></span> 
     </span>
    </p>
   </div>
  </div>
 </body>
</html>
