3258 5186
670 1151 930 1274 Appendix.

279 1365 378 1448 Libri,
407 1369 460 1455 qui
481 1370 661 1440 inscribitur
684 1375 723 1444 de
750 1377 826 1444 viris
851 1377 1034 1458 illustribus,
1060 1374 1165 1458 editio,
1192 1375 1317 1462 qualem
1341 1397 1410 1442 esse

194 1467 298 1545 decet,
333 1468 436 1535 adhuc
462 1470 664 1542 desideratur.
708 1479 814 1566 itaque
841 1505 881 1546 ue
913 1481 1013 1548 solido
1044 1476 1265 1565 disputationis
1296 1475 1410 1541 funda-

193 1580 300 1637 mento
323 1594 470 1654 carerem,
499 1575 643 1664 equidem
665 1578 722 1645 has
745 1584 944 1668 quaestiones
964 1581 1130 1648 historicas
1155 1578 1320 1644 instituere
1346 1601 1410 1642 non

192 1694 288 1762 ausus
317 1696 401 1755 sum,
429 1677 613 1764 prinsquam
640 1683 746 1747 varias
773 1683 914 1749 codicum
945 1684 1128 1772 optimorum
1162 1688 1256 1766 atque
1283 1677 1323 1742 ad
1349 1677 1410 1744 hoc

192 1781 316 1861 tempus
338 1774 372 1839 in
393 1799 487 1843 usum
507 1801 569 1844 non
594 1793 776 1849 vocatorum
795 1784 945 1850 lectiones
958 1784 1098 1869 benigna
1113 1781 1249 1846 virorum
1266 1778 1410 1845 doctissi-

191 1899 314 1952 morum
328 1876 526 1962 liberalitate,
550 1882 665 1968 quibus
687 1885 805 1971 gratias
827 1908 887 1971 ago
908 1897 1003 1972 atque
1018 1882 1141 1949 habebo
1164 1903 1257 1968 quam
1280 1902 1407 1967 possum

191 1977 355 2060 maximas,
377 1979 456 2045 mihi
478 1985 667 2070 comparavi.

276 2078 372 2162 Quod
394 2082 542 2168 quoniam
564 2096 714 2171 quantum
742 2087 775 2153 hi
803 2088 929 2154 codices
958 2088 1000 2154 ad
1025 2093 1148 2150 textum
1178 2081 1408 2149 emendandum

188 2187 282 2266 atque
309 2181 349 2247 ab
377 2181 440 2250 illis
470 2191 689 2274 praeproperis
718 2188 870 2255 editorum
905 2185 1176 2254 emendationibus
1207 2183 1407 2272 purgandum

188 2282 314 2349 valeant
335 2283 413 2350 mihi
443 2288 594 2373 persuasi,
622 2310 723 2374 neque
751 2289 861 2355 inutile
886 2312 990 2376 neque
1015 2289 1172 2374 ingratum
1201 2286 1278 2352 viris
1305 2285 1408 2351 doctis

187 2383 255 2449 fore
276 2385 422 2453 existimo
443 2387 525 2454 hanc
551 2387 696 2455 codicum
725 2391 926 2456 collationem
952 2391 1116 2478 inspicere.
1163 2389 1279 2454 etenim
1305 2387 1407 2453 donec

187 2485 236 2550 vir
258 2485 370 2573 aliquis
392 2487 501 2554 horum
527 2489 699 2555 studiorum
723 2491 842 2580 peritus
864 2515 885 2558 a
912 2515 945 2558 se
967 2491 1197 2579 impetraverit,
1230 2499 1265 2554 ut
1291 2490 1404 2554 librum

186 2598 326 2652 nostrum
350 2588 392 2654 ad
413 2592 604 2678 optimorum
625 2593 771 2659 codicum
797 2593 891 2658 fidem
921 2595 1108 2678 castigatum
1134 2603 1228 2679 atque
1255 2600 1407 2679 apparatu

188 2687 297 2752 critico
331 2689 518 2758 instructum
551 2692 666 2776 ederet,
700 2717 799 2781 usque
827 2717 863 2760 eo
890 2695 972 2759 hanc
998 2692 1200 2781 appendicem
1229 2693 1335 2779 aliqua
1367 2716 1405 2757 ex

186 2793 283 2875 parte'
297 2789 452 2858 desiderio
476 2794 620 2859 sufficere
640 2817 733 2880 posse
757 2817 858 2878 spero.
903 2807 998 2882 atque
1021 2794 1157 2883 primum
1178 2792 1404 2872 Bruxeliensis,

187 2889 301 2956 deinde
315 2891 529 2974 Laurentiani,
552 2894 686 2983 denique
701 2895 848 2960 Vaticani
872 2894 988 2961 codicis
1010 2896 1115 2960 varias
1136 2895 1286 2960 lectiones
1309 2917 1405 2980 quam
1503 2911 1508 2918 '

187 2991 425 3077 diligentissime
453 3005 617 3084 excerptas
649 2997 790 3081 integras
822 3019 1012 3085 proponam,
1050 3007 1085 3062 ut
1118 3018 1202 3083 quae
1233 2996 1318 3061 inter·
1350 3017 1404 3061 ecs

184 3092 358 3160 intercedat
379 3096 469 3179 ratic,
497 3097 675 3185 quicunque
697 3099 848 3164 maiorem
874 3097 996 3164 talibus
1014 3097 1250 3185 quaestionibus
1272 3095 1405 3160 afferunt

185 3195 348 3261 scientiam
371 3208 403 3264 et
423 3221 529 3281 usum,
557 3199 617 3286 ipsi
640 3199 814 3266 diiudicare
840 3198 971 3286 possint.
1016 3198 1139 3286 quade
1165 3221 1200 3265 re
1227 3199 1404 3264 accuratius

185 3297 214 3361 si
235 3297 421 3384 inquirerem
446 3322 516 3365 cum
539 3323 650 3367 verear
671 3324 711 3366 ne
733 3300 826 3367 huius
849 3299 1031 3390 appendicis
1061 3301 1158 3365 finem
1186 3299 1282 3385 longe
1309 3321 1402 3364 exce·

185 3397 302 3480 derem,
337 3399 482 3487 equidem
506 3401 588 3487 hanc
610 3403 824 3490 quaestionem
848 3401 903 3467 alii
932 3403 1000 3468 loco
1027 3423 1162 3483 reservo,
1197 3401 1251 3466 ubi
1273 3397 1312 3466 de
1334 3423 1402 3465 orn·

183 3499 279 3566 nibus
300 3500 371 3566 libri
393 3503 493 3568 nostri
514 3503 676 3570 codicibus
698 3513 888 3570 uacaturus
912 3526 990 3569 sum.

268 3600 458 3690 Priusquam
480 3614 582 3669 autem
612 3605 670 3672 has
703 3606 886 3672 collationes
918 3628 1105 3693 proponam,
1137 3603 1290 3670 nonnulla
1322 3602 1401 3668 mibi

184 3702 331 3770 videntur
352 3703 391 3770 de
412 3704 492 3793 ipsis
514 3705 676 3773 codicibus
699 3729 768 3773 esse
790 3706 1028 3795 praemittenda.

630 3893 728 3961 codex
750 3892 954 3961 Bruxeliensis

269 4005 318 4073 De
343 4006 404 4074 hoc
436 4007 582 4095 codice¹)
607 4009 647 4076 E.
676 4010 1001 4092 Ouverleauxius,
1023 4010 1074 4075 vir
1095 4009 1303 4091 doctissimus,
1338 4031 1401 4097 qua

182 4117 233 4174 ast
253 4109 406 4194 singulari
427 4111 585 4196 comitate,
608 4111 687 4178 haec
708 4135 831 4179 mecum
854 4111 1111 4178 communicarit:

254 4281 549 4343 1)r.}1.Routesium
574 4283 602 4334 in
625 4281 757 4346 Bullatins
781 4281 812 4336 da
830 4283 989 4337 l'Academic
1012 4281 1101 4349 royale
1124 4279 1171 4333 des
1194 4279 1325 4342 acicnces,
1349 4278 1396 4331 des

182 4367 275 4419 lettres
292 4372 322 4420 et
343 4367 398 4420 des
412 4367 496 4421 beanx
514 4387 535 4414 =
554 4372 608 4422 arte
635 4368 667 4421 de
691 4367 818 4438 Belgiquc
843 4372 863 4421 t.
886 4365 976 4420 XVll¹
999 4365 1089 4434 (1850)
1116 4383 1140 4435 p.
1154 4368 1290 4419 tel-nes
1314 4368 1341 4418 et
1365 4363 1399 4419 H.

182 4449 330 4506 Jordaunm
348 4451 437 4510 Herm.
456 4452 503 4518 lll,
522 4470 547 4523 p.
560 4457 610 4509 392
629 4470 684 4524 sqq.

1144 4539 1159 4588 6
