3218 5174
829 387 871 450 44

259 585 522 647 Pseudo-Frontin.
544 585 597 660 IV,
621 589 646 661 1,
667 587 703 647 23
724 608 752 666 p.
768 589 804 648 81
1022 589 1110 666 Amp.
1132 588 1248 657 XVIII,
1276 591 1311 648 14

260 697 523 758 Pseudo-Frontin.
545 698 596 770 IV,
621 702 644 773 1,
666 702 704 759 40
723 721 752 778 p.
774 701 810 762 83
933 713 1008 761 auct.
1030 702 1066 759 de
1088 698 1140 757 vir.
1161 699 1203 760 ill.
1226 699 1376 773 XXVIII,
1406 703 1432 760 4

282 809 407 868 Manlius
512 811 641 884 filium,
672 813 764 888 quod
795 813 824 872 is
915 811 1024 872 Oonsul
1059 811 1211 888 [Manlius]
1246 812 1323 871 bello
1357 813 1493 872 Latino

241 905 513 963 contracdictum
542 906 719 981 patriacum
741 909 824 966 hoste
874 905 990 964 filiurn
1027 906 1119 982 quod
1152 915 1278 965 contra
1306 908 1494 984 imperium

241 1000 662 1076 pugnaverat...securi
687 1019 827 1077 percus·
878 1011 1072 1078 pugnasset
1093 1002 1210 1061 securi
1231 1003 1440 1078 percussit.

241 1095 300 1152 sit.

260 1239 521 1300 Pseudo-Frontin.
542 1239 594 1316 IV,
615 1243 643 1313 3,
666 1241 701 1300 12
723 1261 751 1317 p.
766 1241 803 1299 86
930 1247 1015 1330 auct.
1030 1240 1064 1298 de
1086 1240 1136 1300 vir.
1159 1239 1200 1300 ill.
1221 1241 1372 1318 XXXIII,
1403 1243 1426 1300 6

261 1352 523 1413 Pseudo-Frontin.
546 1352 596 1426 IV,
618 1355 643 1422 3,
668 1354 701 1411 15
723 1373 749 1428 p.
765 1353 802 1411 86
998 1359 1075 1410 auct.
1096 1352 1131 1409 de
1153 1353 1204 1409 vir.
1226 1353 1267 1410 ill.
1289 1354 1350 1411 LX

279 1464 313 1522 L.
329 1463 495 1536 Mummius,
516 1463 566 1538 qui
583 1463 723 1522 Corintho
741 1471 827 1543 capta
917 1462 1073 1520 Mummius
1095 1463 1268 1522 Corinthum
1295 1466 1393 1543 signis
1435 1478 1489 1526 ta-

242 1578 300 1618 non
320 1558 439 1616 Italiam
459 1557 554 1615 solum
576 1558 626 1616 sed
651 1558 738 1614 etiam
759 1577 826 1633 pro·
876 1557 1010 1632 bulisque
1031 1557 1179 1633 spoliavit.
1212 1560 1413 1636 quibuscum
1439 1574 1491 1620 to-

241 1653 353 1730 vincias
374 1650 478 1709 tabulis
497 1653 660 1728 statuisque
674 1655 827 1710 exornavit
877 1658 938 1709 tam
957 1651 1097 1728 replesset
1117 1651 1233 1709 Italiam
1261 1653 1296 1710 in
1328 1655 1414 1714 dom
1425 1675 1488 1712 urn

241 1747 314 1804 adeo
334 1745 425 1804 nihil
455 1766 490 1804 ex
517 1747 606 1804 tantis
626 1748 771 1804 manubiis
792 1747 825 1804 in
879 1764 974 1804 suam
997 1745 1087 1802 nihil
1108 1746 1297 1806 convertit.

243 1860 339 1900 suum
374 1841 551 1898 convertit
585 1849 615 1897 ut
644 1840 735 1898 filiam
766 1841 827 1900 eius

241 1937 359 2012 inopem
371 1944 487 1993 senatus
497 1953 534 1992 ex
545 1935 663 2010 pubIIco
674 1935 827 1994 dotaverit.

272 2080 535 2141 Pseudo-Frontin.
558 2080 610 2155 IV,
630 2082 657 2150 4,
681 2081 693 2138 1
715 2101 744 2158 p.
760 2081 796 2138 87
974 2089 1047 2140 auct.
1070 2083 1107 2140 de
1128 2081 1180 2140 vir.
1201 2082 1241 2142 ill.
1263 2080 1371 2142 XXIII

282 2194 405 2253 Camillo
440 2192 604 2250 Faliscos
644 2193 827 2251 obsidenti
917 2193 1023 2252 Furius
1042 2193 1183 2252 Camillus
1204 2213 1279 2252 cum
1301 2195 1482 2254 Faliscos

242 2288 320 2347 ludi
341 2288 509 2363 magister
523 2286 632 2344 liberos
648 2285 826 2344 Faliscorum
880 2288 1062 2346 obsideret
1082 2307 1116 2344 ac
1137 2287 1217 2345 ludi
1243 2288 1378 2346 litterarii
1401 2309 1482 2347 ma·

242 2390 381 2458 tanquam
417 2380 586 2439 ambulandi
624 2399 711 2437 causa
745 2390 828 2438 extra
878 2382 993 2458 gister
1026 2382 1193 2459 principum
1223 2383 1299 2440 filios
1333 2384 1372 2441 ad
1404 2403 1479 2440 eum

243 2496 358 2534 murum
369 2476 487 2533 eductos
500 2474 828 2533 tradidit...llamillus
880 2476 1063 2546 adduxisset,
1101 2477 1227 2534 vinctum
1259 2495 1325 2533 eum
1358 2477 1479 2535 eisdem

245 2569 450 2631 ...restrictis
480 2576 549 2646 post
582 2581 663 2646 terga
692 2570 828 2627 manibus
880 2571 1001 2644 pueris
1035 2572 1064 2627 in
1094 2572 1193 2628 urbem
1224 2570 1477 2646 redigendum
1583 2571 1585 2586 ”

243 2665 415 2742 magistrum
460 2664 548 2740 virgis
586 2664 756 2740 agendum
779 2664 827 2738 ‚ad
880 2670 909 2721 et
926 2664 1135 2721 verberandum
1157 2664 1314 2722 tradidit
1363 2664 1477 2724 Statim

242 2766 380 2836 parentes
406 2759 557 2817 tradidit
582 2759 736 2834 pueris...
759 2757 828 2816 Fa·
880 2756 1014 2815 Falisci
1035 2757 1123 2816 sesi
1145 2759 1187 2816 ob
1208 2767 1341 2816 tantam
1362 2760 1477 2816 iusti·
1585 2812 1586 2828 ,

243 2853 326 2913 lisci
347 2856 388 2911 ob
408 2852 497 2912 hauc
518 2852 696 2910 iustitiam
724 2859 829 2930 sponte
880 2853 967 2910 tiam
989 2853 1210 2912 dediderunt.

244 2967 280 3007 se
300 2949 331 3006 ei
352 2948 573 3006 dediderunt.

263 3093 524 3153 Pseudo-Frontin.
546 3091 600 3165 IV,
623 3093 650 3166 7,
671 3092 708 3149 36
728 3112 756 3171 p.
773 3092 810 3151 96
974 3099 1049 3149 auct.
1071 3091 1106 3147 de
1126 3091 1178 3148 vir.
1198 3091 1241 3148 ill.
1262 3089 1371 3148 XLIII

283 3203 317 3278 Q
350 3206 496 3264 Maximus
525 3202 758 3280 transfugere
789 3204 829 3263 ad
921 3202 970 3278 [Q.
1003 3203 1162 3278 Maximus]
1193 3203 1323 3260 Marium
1355 3201 1473 3260 Stati-

244 3302 364 3358 hostes
386 3300 564 3358 volentem
586 3296 830 3358 Statilium...
880 3296 964 3354 lium
1002 3295 1229 3371 transfugere
1263 3297 1304 3354 ad
1340 3295 1498 3354 hostes*
1589 3301 1590 3322 ¹

245 3394 355 3453 donato
377 3395 401 3452 ei
422 3412 496 3469 equo
526 3393 681 3469 pecuniam
712 3392 830 3467 insuper
881 3390 1056 3449 volentem
1068 3409 1142 3467 equo
1154 3404 1181 3449 ct
1191 3391 1282 3449 armis
1294 3389 1471 3450 retinuit...

245 3488 368 3564 largitus
389 3486 523 3554 obtinuit,
547 3492 581 3543 ut
592 3529 617 3546 ..
632 3529 638 3543 .

329 3601 380 3664 Ac
402 3622 442 3663 nc
464 3597 534 3685 quis
554 3597 636 3662 forte
663 3596 769 3661 credat
790 3597 942 3668 Nostrum
970 3618 1011 3659 ex
1032 3594 1192 3660 Frontinis
1223 3594 1304 3680 ipsis
1331 3617 1387 3659 sua
1413 3617 1469 3682 pc·

245 3701 344 3781 tiisse,
371 3701 446 3765 satis
468 3699 570 3763 habeo
598 3699 676 3764 haec
704 3699 766 3764 duo
793 3698 905 3763 afferre
932 3697 1086 3784 exempla.
1133 3719 1204 3763 ecce
1232 3696 1311 3761 illud
1338 3697 1469 3760 tacitur-
1586 3766 1587 3772 ,

244 3804 352 3868 nitatis
374 3800 549 3888 exemplum
572 3800 741 3864 Frontinus
765 3799 804 3882 [1,
829 3801 856 3879 1,
882 3801 921 3862 12
944 3821 974 3884 p.
998 3799 1027 3879 6,
1051 3798 1106 3862 cfr.
1129 3820 1159 3885 p.
1176 3796 1237 3880 IV]
1269 3796 1308 3861 dc
1330 3783 1462 3860 Metello

245 3905 272 3970 P
279 3905 314 3970 io
336 3916 452 3986 narrat,
476 3903 516 3968 de
537 3902 667 3968 Metello
689 3899 891 3966 Numidico
913 3900 1028 3964 Noster
1051 3901 1091 3982 [c.
1110 3897 1212 3980 LXII,
1245 3919 1379 3985 quocum
1403 3897 1468 3962 Va·
1586 3879 1590 3931 ³¹

245 4007 341 4072 larius
362 4005 525 4072 Maximus
548 4003 622 4084 Vll,
651 4005 681 4085 4,
711 4003 782 4090 5p.
799 4003 898 4084 569¹)
927 4012 957 4066 et
979 3999 1203 4082 Plutarchusl)
1237 3999 1464 4088 [Apophtegm.
1587 3998 1588 4014 ¹

317 4197 340 4258 1)
351 4195 418 4248 Nam
427 4195 551 4248 Metellus
561 4192 752 4246 Numidicus
764 4190 861 4242 bellum
872 4193 963 4242 contra
972 4186 1115 4242 Celtiberos
1125 4188 1209 4256 gessit
1218 4203 1243 4241 v.
1254 4187 1311 4240 Liv.
1322 4188 1385 4256 epit.
1394 4187 1464 4251 LIII,
1586 4168 1588 4238 l

246 4279 316 4333 Flor.
335 4281 355 4346 l,
379 4286 411 4334 33
429 4298 453 4348 p.
467 4285 508 4345 13,
534 4280 590 4334 Val.
609 4280 676 4331 llax.
694 4277 728 4342 ll,
749 4283 772 4340 1,
792 4282 824 4328 lo
841 4292 867 4344 p.
879 4279 937 4336 210,
957 4275 1003 4336 lll,
1022 4279 1046 4338 2,
1071 4279 1103 4327 21
1122 4291 1146 4341 p.
1161 4278 1219 4338 287,
1239 4273 1271 4336 V,
1294 4280 1315 4338 t,
1334 4278 1349 4327 t
1368 4291 1393 4343 p.
1406 4277 1462 4326 384.
1584 4283 1590 4346 ,¹

316 4370 342 4431 2)
363 4367 434 4430 Quae
462 4367 494 4416 dc
518 4363 640 4434 Scipione
667 4364 701 4416 ibi
728 4364 752 4430 (ξ
763 4363 789 4429 3)
808 4360 974 4427 exhibentur,
1001 4361 1027 4412 in
1056 4359 1142 4410 solutu
1167 4357 1336 4412 Numidicum
1365 4359 1462 4412 cadunt
