3218 5174
735 518 772 581 51

654 607 855 616 ..ψ

204 715 274 776 Isid.
296 715 370 794 Orig
400 718 468 791 XV,
490 721 517 793 3,
539 719 556 777 6
575 739 603 797 p.
620 719 676 778 473
916 725 991 778 auct
1011 719 1047 778 de
1069 719 1121 779 vir.
1141 719 1183 778 ill.
1204 719 1234 776 ll

186 859 260 920 Cum
281 869 383 938 raptae
403 863 527 922 fuissent
546 884 565 921 a
585 865 727 924 Romanis
781 865 942 942 ..virgines
962 874 1064 942 raptae
1085 871 1160 924 sunt
1202 865 1364 940 exquibus

148 953 284 1028 Sabinae,
316 977 352 1014 ex
373 958 558 1034 quibuscum
584 978 641 1016 una
662 967 729 1018 ante
779 979 845 1018 cnm
864 979 923 1017 unu
943 958 1140 1036 pulcherrima
1164 978 1228 1016 cum
1258 978 1365 1036 magno

146 1048 221 1107 alias
254 1051 348 1125 specie
380 1047 499 1110 nobilis'
526 1072 590 1110 cum
624 1073 729 1130 magna
780 1053 910 1111 omnium
923 1053 1115 1111 admiratione
1129 1053 1290 1125 duceretur,
1304 1052 1364 1111 Ta-

148 1144 278 1202 omnium
326 1145 520 1205 admiratione
567 1158 729 1224 raperetur,
780 1147 868 1206 lassio
890 1167 955 1205 eam
979 1146 1044 1205 duci
1068 1165 1249 1222 responsum.
1290 1166 1365 1222 quae

148 1235 318 1297 Talassioni
332 1240 393 1298 dari
405 1259 469 1298 eam
480 1241 598 1300 oraculo
609 1262 728 1318 respon·
780 1242 899 1316 nuptiae
943 1241 1013 1318 quia
1052 1240 1171 1299 feliciter
1207 1249 1364 1310 cesserant,

147 1333 240 1410 som1)
258 1323 314 1407 est,
335 1339 366 1392 et
385 1335 523 1411 quoniam
543 1337 596 1393 hae
610 1337 730 1412 nuptiae
780 1334 943 1393 institutum
982 1346 1034 1407 est,
1074 1341 1106 1392 ut
1137 1335 1197 1410 in²)
1232 1335 1364 1393 omnibus

147 1427 268 1486 feliciter
301 1435 447 1486 cesserant
480 1430 643 1489 institutum
675 1441 728 1499 est,
780 1428 889 1505 nuptiis
943 1427 1070 1486 Talassii
1121 1447 1227 1486 nomen
1277 1428 1363 1486 itere·

146 1533 178 1580 ut
197 1523 226 1580 in
248 1523 381 1581 omnibus
395 1523 510 1600 nuptiis
535 1523 657 1582 thalami
677 1543 728 1582 no·
779 1523 864 1598 tur.³)

145 1635 210 1676 men
231 1616 359 1676 iteretur.

192 1795 262 1856 lsid.
284 1796 365 1875 Orig.
386 1796 455 1870 XV,
479 1799 504 1872 1,
525 1797 562 1856 55
584 1817 611 1873 p.
626 1797 683 1855 466
925 1804 997 1856 auct.
1020 1796 1056 1854 de
1077 1797 1128 1855 vir.
1150 1795 1191 1853 ill.
1212 1795 1228 1852 Ι

184 1925 328 1984 Romulus
361 1945 426 1984 cum
463 1926 614 1984 interfecto
647 1926 726 2001 apud
779 1924 936 1982 ..Amulio
956 1924 1110 1983 interfecto
1128 1923 1276 1982 Numitori
1297 1943 1361 1997 reg-

145 2014 253 2076 Albam
282 2019 401 2078 Amulio
432 2033 518 2077 'avum
543 2019 738 2079 Numitorem·
777 2038 845 2076 num
866 2019 1064 2078 restituerunt.

145 2109 176 2171 in
194 2132 314 2190 regnum
334 2113 563 2174 restituisset...

217 2331 242 2394 1>
260 2327 300 2382 Ex
317 2328 367 2383 hoc
384 2328 552 2399 potissimum
571 2323 627 2381 loco
647 2326 711 2381 mihi
729 2327 835 2381 videtur
851 2329 939 2396 patere
952 2327 1082 2382 Isidorum
1100 2344 1133 2381 ex
1150 2332 1256 2382 auctore
1271 2327 1304 2380 de
1317 2327 1364 2380 vir.

145 2415 183 2466 ill.
201 2415 259 2483 ipso
277 2431 325 2468 sun
343 2414 473 2479 derivare,
496 2414 620 2484 quoniam
639 2429 729 2467 vocem
748 2413 868 2483 responsi
885 2417 940 2466 tam
958 2412 1031 2466 foede
1054 2411 1171 2466 detorsit.
1208 2411 1244 2480 [v.
1263 2413 1362 2465 Plutar-

146 2499 224 2553 chum
244 2499 351 2566 Quaest.
369 2501 443 2554 Rom.
462 2497 557 2554 XXXI
577 2516 602 2569 p.
615 2493 686 2565 335]

215 2587 241 2654 2)
259 2603 282 2640 r.
301 2587 418 2642 Keilium
436 2586 464 2638 iu
483 2586 544 2639 edit.
563 2602 588 2654 p.
608 2591 665 2650 1083
687 2585 732 2650 ,in
752 2585 876 2638 omnibus
894 2583 1010 2653 nuptiis“
1030 2582 1232 2636 nabataeos.

214 2672 241 2741 3)
258 2671 300 2727 lta
317 2671 408 2726 scribit
425 2671 482 2726 cod.
499 2669 529 2725 B.
