3218 5174
700 473 898 569 -11-

270 671 366 754 Quod
389 669 709 762 quoniam'Nostrum
737 699 777 740 ex
802 675 950 762 Ampelio
984 697 1042 740 sua
1073 675 1203 741 minime
1236 677 1407 763 sumpsisse

184 775 385 840 manifestum
408 786 464 856 est,
488 777 581 863 plane
604 799 676 842 cum
693 777 873 844 Woelfflino
896 777 1058 842 consentio
1075 778 1116 842 ad
1131 777 1264 843 eundem
1287 779 1407 843 sontem

184 875 351 961 utrumque
376 875 574 942 referendum
604 901 682 944 esse.
727 889 821 965 atque
850 901 920 943 oum
954 880 1022 944 fieri
1053 903 1119 943 non
1151 880 1263 967 possit,
1300 889 1334 944 ut
1366 903 1408 945 ex

184 977 292 1042 multis
315 976 377 1042 illis
400 979 567 1044 annalibus
589 991 620 1045 et
638 981 792 1047 Nostrum
814 991 845 1046 et
858 980 1039 1068 Ampelium
1063 980 1191 1047 easdem
1211 1004 1262 1047 res
1284 981 1406 1047 eisdem

184 1077 291 1144 verbis
313 1082 507 1168 excerpsisse
528 1081 716 1164 iudicemus,
744 1105 940 1150 communem
963 1082 1053 1147 illum
1075 1083 1193 1148 fontem
1223 1084 1404 1170 ampliorem

184 1179 223 1245 de
244 1180 321 1245 viris
343 1181 521 1249 illustribus
541 1184 658 1249 librum
681 1185 906 1251 substituamus
927 1207 1061 1250 necesse.
1080 1195 1137 1277 est.

269 1280 334 1347 Sed
357 1283 419 1350 duo
441 1286 472 1348 in
502 1285 583 1352 libro
609 1297 717 1352 nostro
745 1287 849 1374 capita
875 1287 949 1352 huic
974 1287 1148 1352 sententiae
1174 1286 1322 1353 videntur
1348 1288 1404 1352 ob-

184 1393 277 1465 stare,
301 1385 371 1451 dico
395 1409 420 1452 c.
444 1386 527 1453 XIV
558 1387 661 1473 [Fabii
687 1389 817 1454 trecenti
845 1391 912 1471 sex]
942 1399 974 1454 et
1000 1411 1025 1454 c.
1050 1389 1153 1454 XXH
1179 1389 1403 1474 [Aesculapius

184 1485 321 1551 Romam
349 1489 525 1574 advectus}
568 1513 640 1555 nam
668 1490 781 1555 dixerit
809 1490 922 1576 aliquis
948 1489 1026 1555 haec
1060 1491 1164 1577 capita
1195 1491 1229 1554 in
1261 1501 1404 1557 tenorem

183 1587 254 1653 libri
279 1587 318 1654 de
339 1590 418 1655 viris
440 1591 614 1658 illustribus
636 1593 744 1680 scripti
765 1592 895 1656 minime
918 1591 1080 1678 quadrare.
1126 1591 1231 1674 audio,
1255 1592 1311 1657 sed
1333 1594 1403 1680 ipsa

184 1713 222 1755 ea
249 1693 352 1778 capita
378 1693 411 1757 in
440 1693 611 1779 prolixiore
636 1693 691 1758 illo
713 1692 805 1774 libro,
836 1692 920 1758 unde
941 1705 1049 1760 noster
1070 1705 1235 1783 excerptus
1257 1706 1315 1776 est,
1338 1719 1402 1760 non

184 1793 379 1876 exstiterunt,
401 1795 496 1860 immo
520 1793 645 1860 aliunde
668 1794 776 1859 addita
798 1805 880 1861 sunt.

266 1998 338 2062 Jam
366 2021 441 2064 vero
469 1997 507 2064 de
533 1997 596 2063 illis
623 1998 777 2084 capitibus
803 1998 834 2061 in
862 1999 1018 2082 integrum
1046 1997 1085 2061 de
1117 1997 1193 2062 viris
1226 1998 1400 2065 illustribus

180 2099 294 2164 librum
316 2099 441 2165 insertis
464 2099 664 2178 disseremus,
700 2099 785 2186 quod
806 2109 842 2163 ut
867 2100 1032 2180 faciamuS,
1067 2099 1106 2164 de
1120 2101 1268 2191 ratione,
1305 2123 1399 2186 quam

179 2201 261 2266 inter
293 2201 419 2266 Livium
453 2210 483 2267 et
514 2203 665 2267 Nostrum
696 2211 842 2288 putemus
875 2201 1083 2283 intercedere,
1120 2224 1221 2289 pauca
1258 2201 1399 2268 dicamus

75 2341 77 2344 ·
181 2313 312 2391 oportet.

701 2439 821 2540 Caput
846 2440 911 2514 ΙΙΙ.
1017 2449 1022 2456 “

736 2577 776 2643 lle
800 2577 887 2643 livio.

264 2676 394 2758 Quanta
408 2678 442 2743 T.
459 2678 544 2744 Livii
559 2678 686 2744 annales
703 2677 789 2764 apud
809 2679 957 2764 aequales
979 2687 1010 2743 et
1032 2678 1219 2766 posteriores
1234 2679 1397 2744 floruerint

178 2777 383 2846 admiratione
405 2792 436 2845 et
458 2779 641 2844 auctoritate
664 2789 877 2866 quantumque
910 2779 995 2866 apud
1028 2803 1136 2845 omnes
1168 2779 1234 2845 lere
1256 2778 1396 2845 Graecos

178 2889 271 2967 atque
297 2881 459 2946 Romanos
487 2881 656 2961 valuerint,
691 2881 743 2966 qui
767 2878 939 2948 Caesarum
965 2882 1159 2968 temporibus
1186 2881 1304 2946 liberae
1335 2882 1396 2947 rei-

176 2983 322 3070 publicae
343 2982 509 3056 historiam
523 2982 762 3048 describendam
776 2982 1000 3069 suscipiebant,
1022 3006 1115 3048 nemo
1130 2983 1264 3067 ignorat.
1298 3006 1396 3069 quare

175 3084 435 3150 verisimillimum
457 3093 560 3172 potest
581 3084 682 3150 videri
704 3085 865 3166 Nostrum,
895 3084 1011 3171 quippe
1034 3084 1087 3169 qui
1108 3083 1201 3165 idem,
1232 3083 1317 3171 quod
1339 3085 1396 3149 Li-

176 3187 256 3269 vius,
289 3187 438 3273 temporis
460 3188 596 3274 spatium
618 3187 798 3272 perlustret,
833 3187 943 3251 sinon
966 3186 1084 3267 omnia,
1119 3195 1152 3250 at
1172 3187 1328 3272 permulta
1348 3186 1395 3251 illi

177 3287 300 3354 debere.
346 3287 422 3374 quid
451 3288 535 3374 quod
560 3288 594 3352 in
621 3287 861 3373 inscriptione¹)
900 3288 1001 3354 codici
1028 3287 1264 3370 Bruxellensi²)
1301 3311 1394 3375 prae-

175 3389 272 3454 missa
292 3389 374 3456 liber
394 3400 501 3455 noster
523 3391 581 3454 sub
603 3389 673 3476 ipso
695 3389 780 3455 Livii
801 3390 929 3455 nomine
951 3389 1108 3456 tradituri
1135 3413 1209 3454 nam
1231 3412 1312 3476 quae
1335 3392 1393 3456 sub

174 3492 238 3556 fine
259 3489 352 3556 huius
385 3491 611 3579 inscriptionis,
646 3515 738 3578 quam
773 3491 832 3556 Th.
861 3490 1042 3578 Opitzius³)
1080 3515 1100 3556 a
1129 3492 1282 3579 scriptore
1307 3492 1392 3557 illius

175 3592 215 3658 de
240 3593 359 3678 origine
391 3592 494 3678 gentis
527 3593 689 3659 Romanae
716 3593 826 3674 libelli,
865 3593 1070 3678 grammatico
1104 3593 1221 3658 saeculi
1254 3594 1391 3680 quintit)

174 3693 348 3781 profectam
368 3717 437 3760 esse
459 3717 515 3760 suo
537 3695 604 3761 iure
626 3704 742 3776 censet,
764 3696 910 3780 leguntur
933 3693 1083 3782 ,proinde
1104 3703 1141 3758 ut
1162 3696 1293 3782 quisque
1314 3720 1391 3762 neo-

246 3851 268 3912 1)
287 3864 312 3902 v.
329 3848 476 3902 Jordcnum
494 3849 582 3902 Herm.
600 3849 647 3915 ΙΙΙ,
665 3865 690 3918 p.
704 3853 763 3903 395.

242 3937 268 3998 2)
288 3934 365 3986 Hunc
387 3935 503 3986 codicem
530 3939 566 3997 (v.
589 3934 742 3989 Roulesium
770 3935 796 3986 in
820 3933 954 3987 Bulletius
976 3935 1008 3987 de
1026 3933 1178 3988 l'academie
1199 3935 1288 4002 royale
1307 3974 1314 3988 .
1332 3974 1340 3989 .
1358 3935 1390 3988 de

173 4018 300 4088 Belgique
312 4024 333 4073 t.
351 4019 546 4087 xvl1¹[1eso]
565 4037 589 4088 p.
604 4024 651 4073 261
672 4024 739 4090 sqq.)
757 4024 818 4087 post
837 4020 919 4072 Andr.
937 4019 1051 4073 Schottii
1069 4025 1187 4089 tempora
1205 4037 1252 4091 per
1269 4022 1319 4073 tria
1331 4038 1389 4074 sae·

173 4104 233 4157 cula
255 4105 429 4172 deperditum,
448 4122 463 4157 a
481 4106 644 4159 Mommseno
661 4105 688 4158 in
714 4105 870 4159 bibliotheca
888 4104 1055 4159 Bruxellensi
1073 4110 1207 4174 repertum
1226 4107 1388 4174 benignitate

172 4188 201 4241 ll.
212 4189 408 4258 Ouuerleauxil,
427 4192 476 4244 viri
486 4191 641 4258 doctissimi,
659 4191 701 4243 cui
711 4189 759 4243 boc
769 4193 826 4245 loeo
836 4191 933 4258 gratias
944 4207 992 4260 ago
1005 4192 1141 4258 maximas,
1159 4191 1283 4245 collatum
1297 4191 1389 4246 habeo.

240 4278 266 4340 3)
293 4274 483 4339 Quaestionum
510 4276 542 4329 de
565 4277 627 4331 Sex.
652 4276 758 4330 Aurelio
784 4277 890 4331 Victore
916 4278 1003 4348 capita
1030 4277 1080 4330 tria
1105 4279 1133 4330 in
1167 4282 1218 4331 aot.
1243 4293 1296 4332 soc.
1323 4277 1387 4346 phil.

172 4358 244 4428 Lips.
262 4359 287 4412 ΙΙ
306 4377 331 4427 p.
345 4366 402 4414 207.

240 4450 266 4506 4)
283 4462 308 4503 v.
327 4446 473 4500 dordunum
492 4448 511 4502 l.
528 4447 546 4499 l.
565 4464 590 4518 p.
603 4451 662 4501 397.

1169 4538 1184 4588 2
