3258 5186
827 508 868 570 74

323 704 445 770 Deinde
472 728 525 784 ea,
559 729 686 792 quaes.
714 708 736 772 f.
766 708 878 795 capitis
904 707 999 772 LXV
1032 707 1071 774 de
1098 707 1294 795 Septimuleii
1327 712 1464 776 avaritia

240 807 437 888 exhibentur,
461 805 598 871 Varroni
620 806 754 875 fortasse
776 809 932 874 vindicari
954 809 1036 875 licet.
1080 833 1156 875 nam
1177 811 1215 875 ad
1239 814 1370 878 verbum
1394 813 1462 879 fere

239 931 311 973 cum
332 907 435 972 Plinio
463 907 638 992 [XXXIIL
663 911 692 992 3,
715 911 770 996 48]
801 920 832 976 et
854 909 980 975 Valerio
1002 909 1146 975 Maximo
1169 911 1229 993 IX,
1253 918 1281 994 4,
1307 917 1326 978 3
1348 939 1378 1000 p.
1396 917 1461 980 698

239 1009 485 1093 consentiunt,1)
507 1010 553 1075 ita
571 1020 607 1076 ut
621 1035 660 1076 ex
676 1012 783 1078 eodem
800 1014 885 1078 fonte
901 1035 1045 1078 manasse
1059 1011 1199 1098 putanda
1214 1013 1285 1078 sint.
1320 1015 1460 1079 Plinium

238 1119 341 1178 autem
364 1111 495 1178 Varroni
517 1136 574 1178 sua
590 1113 705 1179 debere
725 1115 799 1180 inde
815 1113 945 1195 conicio,
971 1114 1054 1200 quod
1070 1123 1102 1179 et
1115 1115 1149 1178 in
1163 1114 1233 1200 ipso
1249 1115 1304 1181 illo
1320 1117 1425 1204 capite
1441 1121 1460 1182 3

239 1237 310 1280 eum
332 1224 446 1280 testem
467 1213 621 1301 producit,
649 1226 681 1281 et
707 1239 753 1298 ea,
782 1239 861 1304 quae
888 1215 1084 1294 antecedant,
1111 1215 1151 1280 ad
1174 1216 1350 1282 Varronem
1377 1219 1461 1282 refe·

237 1316 337 1382 rendu
366 1340 443 1398 esse,
478 1317 505 1381 si
532 1317 664 1399 verba²)
699 1315 847 1398 ,Servius
874 1343 930 1384 rex
959 1318 1078 1405 primus
1110 1317 1245 1402 signavit
1275 1321 1348 1382 aes“
1385 1342 1461 1384 oum

238 1418 381 1484 Varrone
410 1417 496 1505 apud
524 1417 705 1484 Charisium
726 1419 745 1483 Ι
770 1445 791 1507 p
818 1423 854 1486 81
886 1429 979 1508 atque
1007 1443 1087 1506 quae
1121 1418 1159 1484 de
1192 1441 1269 1484 voce
1304 1421 1461 1504 pecuniae

237 1519 449 1606 explicentur,
479 1542 517 1584 ea
543 1543 616 1585 oum
643 1522 786 1588 Varrone
812 1522 848 1588 L.
873 1523 909 1587 L.
937 1522 972 1604 V,
1001 1522 1042 1586 92
1070 1545 1099 1608 p.
1117 1522 1156 1584 37
1189 1522 1375 1605 contuleris,
1410 1525 1461 1588 vi-

238 1621 374 1706 debis.³)
397 1658 439 1668 —

321 1722 466 1808 Denique
493 1721 578 1787 haud
606 1747 772 1811 perperam
800 1750 849 1791 me
875 1725 1014 1790 iudicare
1039 1733 1116 1810 puto
1143 1748 1181 1790 ea
1207 1749 1341 1813 quoque,
1376 1750 1460 1813 quae

238 1825 277 1890 de
306 1825 382 1890 solis
413 1824 536 1888 defectu
557 1825 673 1890 Noster
696 1829 734 1910 [s.
756 1825 778 1890 f.
803 1850 827 1892 c.
852 1825 1042 1909 LXXVIII]
1067 1836 1184 1908 narrat,
1213 1827 1252 1891 ad
1280 1829 1458 1894 Varronem

236 1925 402 1993 referenda
425 1948 503 1991 esse.
548 1949 619 1990 narn
644 1938 768 2014 practer
790 1951 863 1994 eum
884 1927 1006 1992 Plinius
1034 1926 1092 2010 [H,
1117 1928 1166 2009 30,
1191 1929 1244 2014 98]
1274 1941 1305 1994 et
1328 1929 1459 1996 Servius

239 2028 292 2112 [ad
309 2027 425 2114 Georg.
441 2028 468 2110 I,
491 2030 553 2092 466
577 2053 606 2115 p.
624 2030 699 2112 226]
722 2052 790 2094 rem
813 2027 921 2094 eodem
944 2028 1037 2093 modo
1061 2039 1232 2115 exponunt,
1256 2054 1328 2096 cum
1350 2041 1459 2097 autem

237 2130 394 2213 constet⁴)
416 2132 630 2218 praecipuum,
660 2154 722 2218 quo
744 2133 777 2196 in
798 2131 879 2196 libro
903 2131 1040 2195 secundo
1068 2131 1284 2217 componendo
1313 2155 1389 2196 usus
1417 2135 1460 2198 sit

232 2230 368 2311 Plinius,
393 2243 555 2298 auctorem
581 2233 752 2299 Varronem
776 2255 844 2298 esse
867 2254 1001 2317 cumque
1023 2233 1118 2319 paulo
1141 2244 1213 2320 post
1242 2242 1350 2319 aperta
1372 2233 1458 2298 illius

237 2333 369 2416 vestigia
392 2333 503 2416 [§102
531 2335 587 2401 cfr.
611 2335 787 2400 Varronem
816 2333 852 2398 L.
876 2334 912 2398 L.
937 2334 976 2415 V,
1002 2336 1127 2399 16—20
1148 2357 1178 2420 p.
1197 2335 1251 2418 35]
1281 2349 1456 2415 occurrant,

237 2433 291 2498 vix
316 2433 454 2499 fallimur
481 2438 658 2500 coniectura
684 2434 762 2501 illud
790 2458 914 2523 quoqne
944 2435 982 2500 de
1011 2436 1085 2500 solis
1112 2435 1236 2502 defectu
1269 2460 1286 2501 e
1317 2435 1459 2500 Varrone

235 2535 375 2601 finxisse.

323 2637 449 2719 Quibus
468 2639 565 2704 rebus
582 2639 742 2726 expositio,
767 2638 910 2725 quamvis
926 2638 965 2703 de
979 2637 1040 2703 hoc
1055 2639 1165 2719 aliove,
1189 2662 1284 2725 quem
1297 2637 1458 2724 proposui,

235 2739 304 2804 loco
327 2740 445 2825 ambigi
471 2741 581 2828 possit,
616 2751 722 2806 tamen
749 2750 812 2804 tam
841 2739 940 2803 multa
968 2750 1095 2825 tamque
1121 2740 1281 2805 luculenta
1305 2738 1459 2803 Varronis

237 2851 268 2906 et
289 2840 422 2927 vestigia
444 2852 475 2907 et
494 2841 610 2906 indicia
631 2843 707 2906 mihi
737 2841 847 2907 videor
875 2841 1113 2922 demonstrasse,
1142 2852 1177 2905 ut
1198 2841 1365 2928 Hyginum
1388 2863 1460 2927 per-

236 2944 334 3008 multa
348 2943 484 3008 Varroni
506 2943 621 3008 debere
644 2944 762 3031 optimo
785 2945 853 3008 iure
875 2967 926 3008 me
948 2951 1058 3026 putem
1080 2943 1237 3007 statuisse.
1282 2965 1362 3028 quae
1385 2965 1459 3007 sen-

235 3047 335 3110 tentia
356 3068 412 3132 per
435 3067 468 3109 se
498 3044 723 3110 verisimillima
749 3044 823 3109 inde
851 3066 976 3130 quoque
1001 3044 1153 3126 firmatur,
1182 3041 1268 3129 quod
1289 3043 1460 3129 Hyginum

235 3147 268 3210 in
289 3145 367 3234 ipsis
390 3144 428 3210 de
448 3147 505 3212 vir.
531 3146 576 3211 ill.
603 3145 692 3210 libris
719 3145 952 3211 conscribendis
975 3145 1120 3210 Varrone
1145 3168 1236 3210 usum
1264 3168 1332 3210 esse
1354 3147 1459 3210 Asco-

235 3247 306 3311 nius
332 3247 378 3330 [in
399 3247 560 3313 Pisonian.
583 3271 614 3333 p.
632 3248 671 3312 13
695 3247 764 3330 On]
789 3247 903 3312 diserte
926 3255 1067 3313 testatur.

741 3433 781 3500 De
805 3434 954 3501 Cicerone.

321 3552 376 3616 Ab
394 3551 547 3633 omnibus,
572 3551 626 3638 qui
641 3551 679 3617 de
694 3552 766 3616 libri
780 3552 882 3616 nostri
893 3551 1032 3617 fontibus
1049 3550 1297 3639 disputaverunt,
1317 3558 1458 3636 praeter-

236 3655 370 3719 missum
397 3664 445 3719 est
473 3655 507 3719 in
534 3677 644 3720 eorum
674 3664 838 3719 auctorum
865 3676 1007 3735 numero,
1040 3654 1226 3740 quibuscum
1249 3652 1365 3716 Noster
1392 3675 1459 3716 non

309 3897 335 3965 1)
353 3895 408 3950 Cio.
427 3894 458 3947 de
477 3911 514 3947 or.
535 3894 569 3961 Il,
587 3898 629 3956 66,
649 3898 707 3961 269,
726 3893 833 3946 Orosius
847 3893 880 3956 V,
900 3899 932 3946 12
952 3909 976 3960 p.
990 3895 1048 3956 317,
1068 3889 1159 3942 Florus
1173 3889 1206 3954 II,
1227 3896 1241 3942 3
1260 3907 1284 3958 p.
1299 3894 1340 3955 80,
1360 3889 1458 3956 Appia·

240 4001 289 4038 nus
308 3983 333 4036 b.
351 3997 373 4034 o.
392 3981 413 4045 1,
433 3984 465 4033 26
489 3996 511 4047 p.
528 3984 577 4033 296
599 3997 655 4032 rom
677 3980 771 4032 leviter
794 3980 944 4046 attingunt3
972 3977 1129 4029 Plutarchus
1152 3992 1175 4028 v.
1201 3975 1229 4029 O.
1249 3973 1358 4027 Gracchi
1378 3975 1459 4028 XVII

237 4088 263 4140 p.
278 4073 344 4122 1005
362 4083 418 4120 rem
437 4068 506 4118 sicut
524 4065 617 4118 Noster
635 4066 752 4132 exponit.

307 4157 333 4222 2)
352 4155 397 4206 cfr.
426 4152 542 4206 Plinium
568 4149 667 4216 XVIII,
689 4154 713 4214 3,
738 4155 768 4202 12
797 4165 821 4202 r.
846 4147 1004 4202 Urlichsium
1031 4148 1057 4198 in
1083 4147 1246 4200 Fleckeiseni
1273 4162 1334 4198 ann.
1354 4144 1459 4199 LXXV

237 4243 445 4394 (185761663ξὲ9
464 4341 477 4377 e
497 4323 613 4385 Timaeo,
640 4337 717 4388 quem
736 4319 837 4372 Plinius
857 4319 892 4372 ibi
914 4319 988 4384 citat,
1010 4316 1075 4370 nihil
1100 4319 1150 4370 nisi
1179 4317 1257 4370 verba
1282 4323 1375 4382 ,antea
1397 4317 1458 4368 rudi

242 4429 304 4466 usos
323 4412 421 4464 Rornae
441 4407 576 4478 [Timaeus
594 4407 701 4472 tradit]“
723 4405 877 4472 desumpsit.

307 4501 335 4562 4)
354 4514 380 4551 v.
399 4494 548 4564 Gruppium
566 4493 656 4546 Herm.
674 4491 724 4558 XI,
741 4507 765 4560 p.
780 4494 845 4544 237:
875 4490 949 4554 ,Von
968 4489 1026 4542 dem
1051 4489 1160 4542 aweiten
1179 4487 1269 4542 Bucho
1287 4488 1333 4542 des
1352 4487 1457 4540 Plinius
