3218 5174
295 681 372 748 nmp.
391 643 490 742 xvu'r,
512 687 541 735 ra
700 684 769 738 uror.
789 685 810 750 1,
828 689 860 736 aa
880 701 904 752 p.
918 689 959 746 m,
978 687 1011 735 ar
1095 687 1164 736 auu.
1184 683 1216 736 ne
1236 685 1284 736 vn.
1302 684 1340 737 nr.
1362 685 1511 741 xnvru

253 782 423 851 [Hasdrubal]
452 785 478 836 ei
503 802 536 838 se
563 801 623 838 cum
652 816 684 826 —
712 791 819 840 actum
847 789 918 840 erat
944 787 1058 854 procul
1084 791 1253 854 actumque
1273 787 1304 840 de
1329 791 1452 856 pupulo
1475 791 1531 842 Re-

217 868 362 920 Hannibale
385 867 551 922 iunxisset
573 869 624 922 du·
651 873 790 926 dubiost
810 874 850 926 vir
867 873 911 926 iile
931 873 1058 940 [Hasdru
1086 889 1162 924 meno
1181 877 1236 924 erat
1254 875 1283 924 si
1302 875 1473 944 iungere
1496 893 1529 928 se

217 952 317 1004 bituri
339 969 398 1004 non
413 961 522 1022 potest
536 972 624 1024 parem
652 958 706 1024 bei]
720 976 753 1011 se
768 975 828 1012 cum
841 959 920 1012 tratre
931 958 940 1011 i
951 958 1058 1010 unris·
1086 956 1226 1010 Hannibali
1243 960 1394 1026 potuisset.

218 1040 255 1090 eis
274 1039 401 1107 poputum
419 1039 567 1092 Romanum
586 1041 624 1092 iu·
652 1039 732 1097 set.⁴

217 1130 309 1180 turum
329 1141 380 1178 non
400 1126 489 1180 imese.

305 1286 382 1350 Amp.
401 1281 503 1344 XVIII,
522 1284 537 1332 6
699 1283 768 1336 Flor.
788 1285 808 1348 I,
828 1289 860 1338 22
881 1301 905 1352 p.
919 1289 961 1344 311,
982 1288 1012 1336 10
1116 1283 1184 1334 auct.
1203 1281 1235 1333 de
1253 1283 1293 1333 vir
1320 1283 1359 1337 111.
1378 1284 1497 1336 XLIII

254 1384 429 1437 Hannibalem
458 1398 545 1434 mora
569 1383 626 1433 fre·
653 1415 687 1424 —
706 1387 744 1440 stc
768 1388 910 1440 maceravit
928 1387 1061 1440 Hanniba·
1123 1383 1296 1436 Hannibalern
1325 1403 1427 1438 mora
1459 1387 1527 1438 fre-

217 1472 272 1539 git.
654 1474 705 1525 lem
724 1475 816 1542 utqui
834 1475 943 1543 frangi
962 1475 1060 1526 virtute
1086 1466 1143 1534 git.

654 1575 706 1610 non
727 1563 829 1627 poterat
849 1577 936 1612 mora
952 1561 1061 1612 commi·

652 1649 787 1699 nueretur.

299 1778 375 1846 Amp.
393 1775 494 1836 XVIII,
515 1778 545 1825 19
712 1781 781 1835 Flor.
801 1782 821 1849 1,
840 1787 873 1834 40
891 1799 916 1850 p.
930 1787 971 1845 69,
991 1787 1006 1835 3
1097 1777 1165 1826 auct.
1185 1774 1216 1825 de
1236 1775 1283 1828 vir.
1300 1776 1338 1827 iii.
1357 1775 1510 1829 LXXVII

255 1881 418 1948 [Pompeius]
433 1876 552 1929 Cilicicas
571 1879 626 1926 toto
655 1883 762 1936 victoria
794 1884 838 1951 [de
861 1885 963 1953 piratis]
988 1902 1059 1954 qua.
1087 1892 1146 1928 mox
1172 1876 1270 1944 piratas
1301 1879 1392 1930 intra
1432 1895 1517 1947 qua·

221 1968 286 2020 mari
331 1963 492 2017 dominantis
537 1962 628 2014 intra
654 1968 1059 2038 dragesimodiepartaest,
1087 1961 1518 2028 dragesimumdiemsube-

220 2052 506 2123 quadragesimum
545 2048 626 2100 diem
1086 2047 1132 2114 git.

220 2139 292 2192 vicit.

298 2279 375 2342 Amp.
394 2270 496 2333 XVIII,
518 2277 549 2323 21
687 2276 754 2328 Flor.
773 2276 807 2340 II,
826 2282 859 2330 34
877 2292 902 2343 p.
918 2280 974 2341 123,
994 2283 1026 2330 22
1098 2273 1168 2321 auct.
1186 2269 1219 2322 de
1238 2269 1285 2323 vir.
1306 2270 1341 2324 ili.
1362 2270 1495 2323 LXXIX

226 2383 333 2446 -post
357 2378 431 2428 cuius
455 2373 627 2426 consecratio·
655 2379 1062 2448 —Auguetusdictatcrper-
1122 2372 1272 2425 Dictator
1308 2373 1345 2426 in
1385 2390 1513 2442 perpe·

224 2481 283 2516 nem
307 2465 469 2532 perpetua
487 2457 628 2511 Caesarum
656 2469 785 2532 petuas,
1089 2461 1177 2510 tuum
1196 2459 1290 2512 sactus,

223 2550 390 2601 dictatura
410 2546 568 2598 dominatur.

325 2687 402 2753 Amp.
422 2682 497 2747 XIX,
516 2688 530 2735 7
707 2685 777 2739 Flor,
795 2687 829 2748 ΙΙ,
849 2694 877 2739 11
898 2706 924 2757 p,
937 2694 978 2752 92,
997 2695 1012 2744 9
1100 2685 1167 2732 auct.
1187 2681 1220 2733 de
1239 2683 1285 2734 viu.
1304 2680 1343 2736 111.
1363 2680 1500 2734 LXXVII

257 2788 383 2840 Lutatius
396 2786 515 2849 Catulus,
527 2786 571 2855 qui
582 2786 630 2837 Le·
661 2788 818 2858 -Lepidus
837 2795 909 2844 acta
927 2793 996 2846 tanti
1015 2793 1064 2845 viri
1118 2779 1508 2852 Lepidumactastlllsseres·

224 2873 315 2942 pidum
345 2877 418 2924 acte
448 2872 537 2956 Sullae
568 2889 631 2924 res·
658 2875 844 2928 rescindere
863 2879 977 2945 parabat.
1090 2869 1221 2922 ci[idere
1251 2870 1417 2922 volentem
1450 2870 1506 2938 pri·

225 2959 354 3012 eindere
391 2959 558 3011 volentem
587 2958 630 3009 fu·
1091 2955 1420 3024 vaiueitaliafugevit.

226 3046 326 3114 gavit.

303 3182 381 3247 Amp.
400 3179 529 3246 XXVIII,
547 3185 562 3233 3
709 3179 814 3242 Vinci,
836 3187 867 3236 13
886 3200 910 3251 p.
924 3187 966 3250 23,
985 3191 1017 3238 10
1113 3180 1182 3228 auct·
1200 3176 1231 3228 (10
1250 3177 1298 3229 Vir·
1316 3175 1354 3229 ill·
1372 3175 1486 3230 XXXV

262 3284 379 3352 Pyrrhus
408 3300 468 3336 mox
495 3301 510 3334 a
537 3284 631 3336 Curio
659 3309 693 3318 —
722 3284 815 3336 melius
842 3285 995 3338 dimicatum
1026 3291 1067 3338 est
1093 3277 1274 3332 --assurio
1297 3284 1331 3331 et
1348 3279 1503 3334 FabIIcio

227 3377 258 3424 et
277 3370 424 3422 Fabricio
444 3370 537 3423 victus.
659 3365 753 3420 Curio
775 3369 987 3440 FebrIcicque
1006 3388 1067 3425 eon·
1093 3369 1231 3431 sirperatus
1245 3406 1251 3418 .
1266 3404 1292 3418 ..

659 3453 770 3505 sulibus.

337 3586 406 3652 Amp
433 3588 491 3655 XL,
510 3594 526 3640 4
693 3589 760 3643 Ficr.
779 3591 812 3654 II,
835 3597 865 3645 14
884 3597 979 3658 p.105,
1002 3597 1030 3644 13
1109 3593 1178 3640 auct.
1199 3586 1229 3639 de
1248 3588 1295 3639 vir.
1313 3587 1350 3640 111.
1371 3586 1492 3640 LXXIX

232 3689 367 3741 -beilum
379 3691 634 3757 contraPompeIum
660 3732 665 3745 .
690 3731 696 3745 .
723 3693 819 3746 Sextus
850 3701 993 3763 paterna
1022 3713 1066 3748 re·
1126 3691 1186 3745 Sex.
1222 3691 1378 3757 Pompeium
1420 3692 1501 3743 bona

228 3775 351 3826 iuvenem
387 3774 465 3826 bona
494 3780 634 3844 paterna
660 3779 753 3846 petit.
1092 3783 1228 3846 paterna
1248 3780 1462 3844 repetentem.

228 3865 473 3928 repetentem..

339 4047 493 4113 Videmus
526 4049 623 4133 igitur
655 4060 798 4114 auctores
829 4074 893 4114 non
926 4050 1028 4115 scium
1060 4048 1254 4114 adverbum
1288 4049 1474 4130 consentire,

255 4174 365 4216 verum
398 4151 494 4215 etiarn
515 4149 635 4215 eisdem
663 4151 821 4216 erroribus
853 4152 932 4234 labi,
967 4163 1002 4216 ut
1022 4151 1208 4237 Pompeium
1241 4150 1360 4238 piratas
1391 4150 1476 4213 intra

257 4252 534 4338 quadragesimum
557 4251 638 4317 diem
661 4253 840 4337 subegisse,
872 4253 1054 4338 Augustum
1082 4253 1266 4318 dictatorem
1291 4261 1474 4339 perpetuum

257 4354 376 4420 dictum
398 4377 476 4435 esse,
499 4353 655 4441 Pyrrhum
679 4378 697 4418 a
720 4353 817 4419 Curio
840 4365 872 4420 et
893 4354 1041 4420 Fabricio
1064 4355 1182 4420 victum
1204 4376 1282 4434 esse,
1305 4352 1475 4419 bellicum

257 4455 331 4521 Sex.
348 4454 499 4544 Pompeio
522 4457 603 4542 gesti
625 4455 724 4522 solum
747 4479 874 4521 causam
894 4456 992 4522 fuisse
1015 4455 1099 4544 quod
1115 4457 1230 4524 Sextus
1245 4456 1330 4521 bona
1344 4464 1475 4542 paterna
