3218 5174
757 477 797 544 57

678 560 707 568 ,.
745 561 761 566 ...
833 562 839 567 .
870 561 881 568 -ι

684 839 803 940 Caput
829 840 873 914 ll.

259 982 377 1065 Quanti
404 986 487 1050 enim
515 986 596 1053 liber
620 1001 727 1055 noster
756 991 797 1056 ad
827 1014 877 1056 res
904 991 1063 1058 Romanas
1097 993 1331 1080 perspiciendas
1358 1004 1389 1057 ot

174 1084 382 1172 explorandas
417 1089 458 1154 sit
494 1089 641 1177 ponderis
674 1101 768 1179 atque
799 1094 968 1176 momenti,
1005 1116 1045 1159 ex
1075 1116 1249 1181 permagno
1282 1117 1386 1160 earum

173 1207 274 1250 rerum
302 1210 430 1255 numero
453 1201 592 1279 apparet,
615 1215 693 1279 quas
727 1193 861 1261 aliorum
887 1195 1015 1262 testium
1043 1197 1227 1260 auctoritate
1249 1219 1313 1260 non
1335 1197 1387 1258 lir-

173 1297 276 1353 matas
296 1289 415 1355 Noster
437 1293 605 1360 memoriae
627 1293 773 1381 prodidit.
817 1298 845 1362 is
868 1307 974 1363 autem
995 1299 1079 1364 solus
1101 1297 1208 1363 tradit:

170 1389 175 1399 “
260 1413 285 1456 e.
309 1390 327 1454 I
348 1392 513 1462 Amulium
535 1404 567 1459 et
587 1396 786 1464 Numitorem
808 1400 936 1464 alteruis
959 1399 1080 1465 vicibus
1105 1421 1264 1484 regnasse,
1298 1393 1389 1466 Cele-

173 1515 237 1557 rem
273 1495 531 1560 centurionem
565 1496 663 1563 fuisse
701 1498 743 1584 [v.
770 1500 1006 1566 Mommsenum
1038 1501 1068 1564 h.
1097 1501 1135 1566 R.
1158 1500 1184 1582 I,
1213 1523 1242 1586 p.
1264 1501 1304 1564 70
1331 1502 1388 1586 n.],

175 1613 200 1656 c.
231 1591 298 1657 VH
327 1617 347 1659 a
374 1593 485 1661 Servio
514 1596 618 1665 Tullio
649 1624 813 1666 mensuras
846 1611 939 1686 atque
971 1603 1112 1690 pondera
1145 1592 1288 1667 instituta
1320 1625 1389 1668 esse

176 1695 218 1776 [v.
243 1695 496 1783 Marquardtium
518 1700 683 1767 enchiridii
705 1712 727 1768 t.
748 1703 792 1783 ΙΙ,
814 1727 844 1791 p.
862 1706 881 1768 5
903 1729 934 1768 n.
958 1705 1000 1788 6],
1025 1727 1050 1770 c.
1069 1703 1137 1768 XII
1160 1703 1267 1768 Mucio
1284 1702 1389 1770 Cordo

175 1805 312 1862 statuam
340 1800 471 1885 positam
501 1823 578 1883 esse,
613 1825 639 1868 e.
667 1803 751 1868 XIX
777 1805 934 1871 Marcium
964 1804 1167 1872 Coriolanum
1194 1805 1386 1870 consulem

175 1897 262 1983 plebi
277 1900 428 1967 restitisse
444 1904 486 1985 [v.
501 1903 733 1970 Mommsenum
747 1906 856 1973 Herm.
869 1906 927 1989 IV,
950 1930 981 1994 p.
1000 1909 1039 1971 14
1050 1939 1082 1959 =
1094 1906 1225 1988 Quaest.
1241 1907 1332 1972 Rom.
1344 1907 1388 1990 ΙΙ,

175 2023 206 2087 p.
232 1995 306 2084 134]
314 2053 323 2084 ,
361 2025 387 2068 o.
421 2003 535 2069 XXIV
569 2005 724 2071 Manlium
758 2007 972 2094 Capitolinum
1007 2018 1174 2095 patronum
1211 2031 1231 2072 a
1266 2010 1395 2074 civibus·

176 2101 370 2188 appellatum
406 2127 484 2187 esse,
521 2128 549 2172 c.
581 2107 753 2194 XXV111)
789 2110 923 2176 Decium
961 2110 1088 2175 Murem
1125 2108 1165 2173 de
1201 2109 1390 2177 Veientibus

176 2203 420 2290 triumphantem
442 2208 543 2294 spolia
565 2233 605 2275 ex
626 2210 671 2276 eis
687 2208 794 2278 Cereri
817 2233 1026 2293 consecrasse,
1050 2233 1075 2276 c.
1091 2210 1228 2276 XXXII
1250 2237 1270 2278 a
1290 2213 1390 2278 Fabio

177 2303 270 2369 Rullo
302 2307 479 2374 institutum
512 2333 597 2392 asse,
628 2322 662 2376 ut
695 2314 816 2399 equites
848 2313 985 2379 Romani
1021 2314 1065 2378 ab
1104 2311 1193 2378 aede
1225 2314 1390 2380 Honoris

178 2408 267 2495 equis
287 2409 460 2476 insidentes
482 2411 520 2476 in
542 2412 778 2501 Capitolium
801 2416 971 2481 transirent
999 2415 1041 2500 [v.
1066 2415 1243 2480 Beckerum
1273 2416 1389 2503 antiqu.

177 2509 270 2576 Rom.
292 2511 342 2576 ΙΙ1
370 2537 399 2601 p.
416 2515 477 2579 265
500 2525 531 2581 et
552 2539 582 2604 p.
600 2518 662 2581 260
684 2540 714 2581 n.
739 2517 826 2602 535],
847 2541 875 2584 c.
891 2515 1047 2582 XXXIII
1068 2516 1124 2581 Μ’
1149 2514 1281 2582 Curium
1303 2517 1390 2582 Deu-

177 2621 274 2677 tatum
309 2613 348 2680 de
380 2615 517 2682 Lucanis
551 2618 695 2684 oravisse
728 2619 771 2702 [v.
805 2619 1010 2685 Niebuhrium
1034 2617 1063 2683 h.
1092 2617 1131 2682 R.
1154 2617 1217 2698 III,
1245 2641 1275 2704 p.
1302 2619 1389 2702 510]‚

177 2735 203 2778 c.
227 2715 375 2781 XXXVI
401 2740 421 2781 a
441 2717 542 2784 Decio
565 2719 656 2785 Mure
683 2719 845 2786 libertinos
872 2720 1088 2786 Volsinienses
1118 2742 1284 2806 oppressos
1311 2743 1390 2803 esse,

178 2837 204 2880 c.
225 2816 353 2882 XLVII
369 2817 521 2885 Catonem
546 2821 707 2886 basilicam
729 2817 786 2886 suo
801 2823 927 2890 nomine
946 2821 1083 2909 primum
1097 2820 1212 2886 fecisse
1228 2823 1271 2905 [v.
1285 2822 1389 2888 Lexic.

177 2916 205 2980 F
206 2919 309 2984 orcell.
333 2943 357 2988 s.
376 2946 403 2987 v.
427 2923 559 2988 basilica
581 2947 611 3011 p.
629 2925 691 2989 314
712 2924 761 2990 ed.
778 2921 959 3008 Schneeb.],
983 2945 1008 2989 c.
1025 2923 1139 2987 XLIX
1155 2922 1191 2988 P.
1207 2921 1391 2988 Cornelium

178 3015 359 3106 Scipionem
381 3024 562 3091 morientem
586 3027 631 3091 ab
654 3050 771 3092 uxore
794 3027 929 3114 petiisse,
952 3049 992 3091 ne
1015 3047 1128 3111 corpus
1151 3047 1242 3089 suum
1257 3024 1391 3090 Ronrom

177 3120 343 3187 referretur
360 3125 403 3208 [v.
418 3125 654 3192 Mommsenum
670 3127 780 3196 Herm.
795 3127 822 3208 I,
842 3151 870 3216 p.
889 3127 950 3192 168
962 3158 994 3178 =
1007 3126 1068 3208 Qu.
1082 3126 1174 3192 Rom.
1191 3125 1235 3206 H,
1257 3150 1287 3214 p.
1303 3128 1391 3210 4301,

178 3223 244 3287 c.L
261 3223 307 3288 M.
319 3226 443 3291 Livium
455 3225 664 3294 Salinatorem
687 3229 725 3295 de
740 3213 858 3316 Illyriis
874 3227 1085 3316 triumphasse
1107 3237 1138 3293 et
1159 3251 1267 3293 omnes
1289 3229 1391 3296 tribus

178 3325 332 3412 stipendio
354 3329 498 3414 privasse
521 3331 563 3414 [v.
586 3331 815 3397 Mommsenum
831 3331 924 3396 Rom.
941 3327 1072 3396 Staalsr.
1096 3328 1139 3409 II,
1162 3353 1193 3416 p.
1209 3331 1271 3394 405
1293 3353 1323 3393 n.
1347 3332 1390 3414 3],

178 3447 204 3490 c.
241 3427 305 3492 LII
345 3428 492 3495 Fulvium
528 3432 725 3498 Nobiliorem
761 3433 893 3498 Aetolos
932 3430 1035 3518 mnltis
1070 3431 1198 3517 proeliis
1233 3430 1391 3516 fugavisse

179 3527 307 3615 eiusque
330 3530 493 3596 victoriam
516 3533 556 3598 ab
573 3533 676 3599 Ennio
699 3534 887 3599 celebratam
907 3548 979 3599 'esse
1003 3533 1046 3614 [v.
1063 3531 1242 3597 Vahlenum
1260 3532 1390 3614 Quaest.

178 3627 342 3697 Ennianae
369 3657 399 3720 p.
420 3632 576 3716 LXXIV,
610 3635 788 3700 Jordanum
816 3637 862 3701 M.
889 3634 1021 3701 Catonis
1054 3643 1179 3721 praeter
1210 3634 1323 3699 librum
1352 3634 1392 3699 de

177 3755 202 3795 r.
225 3757 249 3796 r.
274 3756 355 3820 quae
382 3745 507 3801 exstant
532 3761 561 3824 p.
579 3736 746 3820 LXXVIJ,
783 3760 809 3805 c.
835 3735 912 3801 LVI
945 3734 1119 3800 Aemilium
1146 3735 1280 3801 Paulum
1312 3744 1392 3800 tres

178 3834 319 3920 repulsas
352 3839 475 3922 tulisse,
509 3841 592 3906 ludis
627 3838 830 3906 Circensibus
865 3848 951 3905 veste
984 3837 1166 3923 triumphali
1195 3861 1268 3903 eum
1302 3861 1390 3903 usum

178 3957 247 4000 esse
280 3937 323 4022 [v.
361 3940 595 4007 Mommsenum
626 3941 718 4007 Rom.
754 3942 884 4009 Staatsr.
907 3940 934 4022 I,
967 3963 997 4027 p.
1018 3940 1080 4004 423
1105 3963 1137 4005 n.
1165 3941 1197 4020 2,
1234 3939 1391 4024 Langium

178 4038 296 4126 antiqu.
319 4040 411 4109 Rom.
434 4042 477 4126 II,
505 4066 536 4130 p.
553 4045 644 4129 6311,
677 4067 704 4110 c.
725 4042 805 4108 LXI
834 4034 1197 4110 Caecilium-'Metellum
1225 4041 1318 4107 duas
1342 4065 1393 4108 re·

178 4141 286 4227 pulsas
312 4145 421 4211 tulisse
456 4147 498 4229 [v.
526 4146 685 4232 Langium
710 4147 731 4212 l.
757 4146 778 4211 l.
808 4170 839 4236 p.
858 4146 931 4226 319,
964 4144 1139 4211 Wendium
1168 4144 1214 4209 De
1242 4141 1391 4210 Caeciliis

250 4299 273 4362 1)
298 4299 366 4352 Nam
393 4299 465 4352 istud
492 4300 520 4353 P.
548 4300 621 4354 Decii
648 4261 761 4370 elogium
789 4317 821 4353 ex
848 4305 954 4353 anctore
985 4299 1017 4352 do
1044 4299 1092 4354 vit.
1118 4299 1157 4351 ill.
1182 4273 1325 4352 confictum
1352 4305 1393 4351 est

175 4380 210 4447 (v.
229 4381 356 4437 Orellium
375 4387 396 4453 l,
414 4403 440 4454 p.
455 4393 502 4440 148
523 4403 548 4440 n.
567 4391 642 4454 546),
664 4388 692 4440 id
709 4387 779 4456 quod
799 4386 943 4454 Hauptium
962 4401 987 4453 p.
1000 4389 1033 4437 43
1053 4384 1129 4453 sugit.
1166 4386 1234 4439 sieut
1256 4385 1284 4435 iu
1308 4385 1392 4450 elogio

178 4483 238 4521 eum
257 4469 331 4524 codd.
344 4470 373 4524 Β.
388 4473 416 4528 L.
430 4474 462 4528 V.
480 4473 507 4526 in
528 4473 593 4526 libro
613 4480 700 4526 nostro
719 4473 861 4541 legendum
880 4476 932 4526 esti
951 4469 1114 4538 triumphans
1133 4470 1217 4541 spolia
1235 4485 1267 4522 ax
1285 4469 1325 4526 hia
1342 4475 1393 4526 ret.
