3218 5174
818 401 859 464 4‘2

745 488 948 496 e——-—

297 603 363 660 var.
385 603 464 662 Max.
487 602 540 676 ix,
563 603 609 672 11,
636 605 645 659 1
670 622 698 678 p.
714 603 769 660 714
961 615 1035 659 aue.
1057 602 1091 659 ae
1112 602 1165 658 a.
1187 601 1228 658 iu.
1250 601 1316 675 vn,
1341 602 1376 660 ra

279 715 352 774 Cum
383 721 521 790 carpento
553 713 704 770 veheretur
734 719 763 770 et
797 714 821 771 is
913 712 987 772 Cum
1008 713 1124 770 domum
1156 714 1264 772 rediret
1292 715 1368 772 viso
1409 735 1489 789 pa·

239 810 288 886 qui
308 810 437 868 iumenta
457 810 562 885 agebat
582 809 712 866 succusis
734 809 822 866 frenis
873 808 943 865 tris
975 826 1127 884 corpore
1159 807 1316 866 mulionem
1349 811 1488 867 evitan-

240 903 423 972 coustitisset,
445 904 611 978 repentinae
638 923 736 962 morae
757 923 822 960 cau·
874 913 932 959 tem
953 921 1062 977 super
1081 902 1199 976 ipsum
1225 920 1358 978 corpus
1380 923 1489 962 car-

240 1017 303 1056 sam
337 998 488 1074 requisivit
521 1008 549 1056 et
582 1008 618 1055 ut
651 999 825 1073 comperit
875 1007 1020 1074 pentum
1043 1015 1146 1072 agere
1167 998 1362 1074 praecepit.
1391 999 1490 1055 unde

241 1112 371 1168 corpus
392 1093 506 1168 patris
526 1091 621 1150 Servii
634 1091 724 1149 Tullii
739 1092 823 1149 occisi
877 1092 956 1148 vicus
976 1091 1027 1147 ille
1048 1091 1205 1148 sceleratus
1226 1092 1326 1150 dictus.

240 1188 294 1245 ibi
314 1188 445 1258 iacere,
477 1205 588 1262 supra
617 1187 651 1244 id
674 1187 751 1243 duci
774 1206 825 1243 ve-

241 1282 399 1339 hieulum
420 1282 529 1338 iussit
548 1281 711 1356 ...ipsum
732 1280 826 1338 vicum

241 1377 411 1454 cognomine
432 1375 547 1434 sceleris
569 1374 801 1432 commaculavit.

316 1522 379 1580 Val.
401 1522 481 1578 Max.
503 1520 538 1592 ll,
561 1521 587 1594 9,
609 1525 624 1577 4
646 1539 675 1595 p.
691 1520 747 1578 229
1041 1523 1127 1594 Amp.
1149 1519 1263 1591 XVIII,
1286 1522 1303 1578 9

280 1633 419 1691 Narravit
440 1632 534 1690 omnis
556 1644 635 1689 aetas
731 1631 825 1688 aFa-
917 1632 1069 1689 Fabricius
1090 1632 1254 1704 Luscinius,
1282 1633 1332 1706 qui
1355 1632 1485 1691 Corne-

241 1730 331 1787 bricio
352 1727 480 1784 Luscino
502 1726 667 1784 Cornelium
686 1726 825 1783 Rufinum
877 1727 949 1784 lium
970 1726 1108 1783 Rufinum
1134 1727 1318 1784 consularem
1344 1729 1485 1800 amovit,

242 1825 356 1883 duobus
375 1822 571 1880 consulatibus
586 1822 713 1879 functum
735 1822 825 1897 quod
877 1823 1042 1880 luxuriae
1073 1830 1101 1876 et
1121 1821 1262 1877 avaritiae
1283 1821 1482 1890 damnatum,

243 1919 359 1977 decern
389 1917 507 1993 pondo
538 1935 622 1972 vasa
653 1922 825 1992 argentea
879 1917 974 1991 quod
1008 1917 1129 1974 decem
1163 1916 1284 1992 pondo
1322 1916 1481 1992 argenti

245 2022 502 2089 comparasset,
534 2011 651 2086 perinde
686 2030 719 2068 ac
749 2011 827 2068 malo
879 2009 1096 2086 possideret.

245 2108 379 2184 exemplo
410 2106 631 2163 luxuriosum
664 2106 693 2162 in
729 2105 829 2162 ordine

244 2201 391 2260 senatorio
412 2207 556 2258 retentum
578 2218 634 2256 non
655 2217 727 2255 esse.

329 2329 497 2414 Kompfius
511 2329 545 2391 in
557 2327 692 2392 editione
710 2351 738 2414 p.
752 2330 822 2407 247,
842 2351 976 2414 quocum
998 2311 1033 2394 U..
1049 2329 1186 2392 Kochler
1206 2330 1282 2413 [qua
1297 2329 1420 2393 ratione
1436 2329 1479 2392 T.
1494 2344 1496 2350 '

248 2432 331 2498 Livii
348 2431 510 2495 annalibus
532 2439 589 2495 cet.
611 2453 640 2516 p.
654 2430 708 2511 41]
733 2430 895 2511 censentit,
919 2439 1063 2494 nostrum
1080 2440 1240 2495 auctorem
1255 2431 1323 2516 ipso
1341 2429 1479 2496 Valerio

250 2535 390 2598 Maximo
419 2556 508 2596 usum
535 2555 604 2598 esse
630 2532 703 2596 inde
737 2533 857 2611 conicit,
893 2532 976 2618 quod
1005 2533 1047 2615 (c.
1070 2531 1182 2614 XXV)
1210 2533 1290 2596 sicut
1320 2532 1478 2598 Valerius

250 2636 324 2720 [HL
349 2635 412 2717 2,4]
435 2635 563 2698 Lartem
580 2634 777 2698 Tolumnium
802 2633 898 2698 faeiat
920 2633 1032 2698 ducem
1047 2633 1255 2715 Fidenatium,
1280 2635 1334 2720 qui
1356 2659 1478 2700 revera

250 2739 316 2804 dux
339 2737 520 2803 Veientium
543 2736 644 2800 suerit.
690 2735 792 2816 audio,
817 2734 872 2798 sed
898 2734 1042 2799 Valerius
1066 2759 1167 2822 neque
1184 2735 1288 2800 Lartis
1311 2735 1475 2802 Tolumnii

251 2865 365 2906 nomen
387 2861 487 2926 neque
510 2838 597 2903 cuius
620 2837 779 2901 dictatoris
802 2837 954 2921 magister
978 2837 1117 2923 equitnm
1141 2835 1259 2902 Cossus
1287 2837 1384 2919 fuerit
1405 2849 1476 2902 tra·

251 2943 296 3007 dit
318 2953 484 3026 utrumque
507 2950 611 3003 autem
634 2939 716 3025 apud
740 2950 900 3002 auctorem
924 2939 962 3003 de
985 2940 1042 3004 vir.
1064 2939 1106 3002 ill.
1123 2939 1290 3004 invenitur.
1337 2952 1367 3003 et
1392 2963 1475 3026 qno-

249 3046 336 3108 niam
357 3045 422 3106 1616
449 3043 593 3106 omnibus
621 3041 689 3105 aliis
717 3041 803 3122 locis,
839 3040 894 3105 ubi
927 3041 1134 3120 consentiunt,
1169 3041 1284 3104 Noster
1316 3043 1475 3105 nonnulla

251 3145 368 3224 scribit,
403 3166 483 3229 quae
510 3142 594 3230 apud
621 3141 781 3205 Valerium
808 3141 932 3223 desunt,
966 3142 998 3205 in
1028 3141 1211 3206 universum
1240 3141 1317 3205 mihi
1347 3142 1475 3206 videtur

252 3270 320 3313 esse
342 3245 540 3309 infitiandum
562 3246 714 3309 Nostrum
737 3243 904 3329 quicquam
927 3268 943 3308 e
967 3244 1094 3308 Valerio
1122 3243 1265 3307 derivare
1294 3245 1335 3325 [v.
1359 3243 1473 3308 Koch-

251 3350 348 3414 lerum
371 3347 391 3412 l.
415 3346 460 3427 l.].

335 3449 381 3512 M.
404 3446 561 3510 Kranzius
586 3444 748 3530 [Beitrtige
777 3468 832 3509 aur
855 3444 1087 3525 Quellenlrritik
1118 3447 1172 3512 des
1194 3447 1341 3526 Valerius
1364 3447 1473 3511 Maxi-

252 3573 332 3631 mus,
355 3549 460 3612 Posen
478 3549 557 3610 1876
580 3569 609 3632 p.
628 3549 681 3630 23]
706 3547 895 3611 lllcmmseni
918 3547 957 3611 de
978 3548 1051 3613 libri
1070 3549 1167 3613 nostri
1183 3548 1323 3613 fontibus
1346 3551 1473 3614 coniec-

252 3664 356 3716 turam
378 3649 540 3734 amplexus
563 3650 644 3713 illius
667 3653 746 3714 inter
765 3650 925 3715 Valerium
949 3660 979 3714 et
1000 3660 1161 3714 auctorem
1184 3652 1222 3714 de
1245 3651 1302 3716 vir.
1327 3650 1369 3714 ill.
1394 3673 1472 3714 eon-

253 3776 363 3818 sensus
385 3773 509 3817 causam
532 3751 605 3814 inde
627 3751 746 3836 repetit,
774 3751 857 3836 quod
884 3765 1015 3837 uterque
1037 3751 1158 3816 Valerii
1180 3753 1321 3816 Antiatis
1348 3762 1471 3838 premat

254 3855 395 3940 vestigia.
419 3862 570 3915 attamen
584 3875 685 3938 neque
702 3853 814 3933 omnia,
832 3876 910 3938 quae
926 3876 945 3915 a
962 3854 1076 3917 Nostro
1092 3854 1266 3934 traduntur,
1284 3879 1323 3918 ex
1338 3854 1472 3918 Antiate

255 3956 382 4021 fluxisse
408 3955 623 4020 Mommsenus
657 3965 774 4035 censet,
808 3977 908 4039 neque
934 3953 1096 4018 Valerium
1122 3955 1302 4019 Maximum
1335 3956 1396 4019 alia
1430 3981 1471 4020 ex

253 4058 356 4144 aliquo
390 4056 430 4120 de
457 4057 514 4123 vir.
542 4058 584 4121 ill.
612 4057 692 4121 libro
727 4057 896 4140 sumpsisse
927 4056 1086 4121 Kranzius
1119 4059 1186 4143 ipse
1219 4067 1327 4141 negat,
1363 4079 1469 4142 quare,
1554 4111 1556 4115 .

254 4159 396 4245 quamvis
427 4159 488 4224 hoc
527 4157 653 4223 aliudve
683 4157 816 4221 fortasse
850 4157 892 4221 ad
927 4158 1087 4222 annalium
1121 4159 1301 4244 scriptorem
1334 4159 1471 4222 releren-

254 4260 330 4325 dum
362 4283 430 4326 esse
464 4259 646 4341 concedam,
680 4282 774 4345 quem
807 4268 838 4323 et
869 4258 1014 4325 Valerius
1047 4269 1078 4324 et
1105 4259 1253 4346 Hyginus
1287 4268 1468 4346 sequuntur,
