3218 5174
745 472 785 537 53

157 698 259 761 neque
287 674 420 740 Aurelio
448 673 571 740 Victori
597 673 714 740 librum
744 668 885 741 nostrum
918 662 1116 740 tribuendum
1150 695 1228 739 esse.
1272 695 1375 759 neque

158 776 245 842 euim
279 777 444 862 abruptum
478 786 510 841 et
540 776 659 840 siccum
691 776 800 842 Nostri
834 775 959 842 dicendi
992 798 1091 860 genus
1124 774 1270 840 convenit
1304 798 1377 840 cum

160 877 289 963 „pingui
303 887 336 942 et
345 876 466 958 florido,
482 877 588 963 inquo
601 875 722 942 Plinius
735 875 897 943 Secundus
912 878 1106 943 luxuriatur“
1122 878 1165 960 [v.
1178 876 1323 944 Macrob.
1335 877 1376 960 V,

159 981 226 1059 l,7
248 1001 278 1064 p.
297 979 359 1042 245
382 977 429 1044 ed.
448 978 557 1063 Eyssl
581 987 621 1057 et,
645 978 673 1042 si
696 978 735 1044 de
758 979 834 1044 viris
856 978 1030 1045 illustribus
1044 978 1167 1043 Plinius
1190 980 1376 1066 scripsisset,

160 1090 245 1145 certe
259 1080 310 1144 vel
324 1081 400 1167 ipse,
408 1081 439 1164 ¹)
451 1103 514 1166 qua
526 1091 574 1145 est
584 1079 786 1166 loquacitate,
799 1082 849 1146 vel
861 1081 1049 1168 posteriores
1060 1079 1152 1144 nobis
1163 1080 1376 1148 tradidissent.

244 1180 388 1268 Itemque
411 1204 480 1246 cum
508 1180 590 1266 eisl)
616 1181 710 1267 plane
736 1183 908 1264 consentio,
943 1181 997 1268 qui
1024 1182 1140 1246 librum
1165 1191 1309 1247 nostrum
1336 1184 1377 1248 ab

159 1282 290 1347 Aurelio
307 1281 435 1348 Victore
457 1282 640 1349 abiudicant
682 1305 758 1347 nam
779 1283 871 1348 huius
894 1307 1019 1370 quoque
1041 1281 1146 1363 dictio,
1171 1305 1251 1368 quae
1274 1284 1377 1350 Sallu·

159 1383 293 1448 stianum
324 1383 468 1468 vigorem
493 1393 587 1470 atque
614 1382 759 1449 ardorem
784 1385 970 1468 imitatur,³)
1005 1407 1134 1472 prorsus
1161 1384 1311 1450 abhorret
1337 1386 1378 1450 ab

158 1485 213 1549 illo
240 1483 365 1549 dicendi
392 1508 516 1570 genere,
544 1484 629 1572 quod
655 1507 711 1572 per
736 1485 848 1551 librum
876 1497 1019 1553 nostrum
1045 1494 1165 1572 regnat.
1210 1484 1323 1551 deinde
1351 1486 1379 1552 si

158 1586 326 1652 abeodem
352 1586 480 1652 Victore
503 1595 533 1652 et
557 1587 635 1667 „viri
658 1586 812 1653 illustres“
838 1597 870 1654 et
893 1587 1088 1670 „Gaesares“
1114 1587 1279 1672 compositi
1300 1587 1378 1653 fuis·

159 1698 239 1774 sent,
264 1689 316 1774 qui
337 1689 405 1754 fieri
422 1688 531 1775 potuit,
554 1697 589 1752 ut
603 1689 742 1774 Augusti
759 1689 824 1754 vita
847 1713 909 1755 nou
933 1688 1025 1754 modo
1047 1689 1081 1752 in
1097 1687 1298 1770 Caesaribus,
1322 1712 1378 1755 ve·

160 1813 228 1854 rum
257 1789 348 1853 etiam
377 1789 543 1855 innostro
571 1790 654 1855 libro
682 1790 784 1856 locum
810 1791 967 1856 inveniret
995 1800 1088 1876 atque
1116 1788 1199 1876 apud
1227 1790 1379 1855 Nostrum

158 1914 266 1955 earum
288 1913 413 1977 quoque
434 1914 540 1957 rerum
571 1890 686 1956 mentio
712 1893 815 1975 fieret,
846 1916 926 1979 quae
955 1893 987 1955 in
1010 1888 1201 1958 Caesaribus
1229 1913 1379 1957 enarran-

160 1993 231 2058 tur?
259 1993 381 2057 accedit
405 1993 488 2079 quod
510 1995 544 2058 in
574 1992 633 2057 hac
660 1993 726 2058 vita
754 1992 961 2059 describenda
990 2002 1100 2058 auctor
1125 2002 1233 2057 noster
1255 1992 1378 2058 Victori

159 2116 287 2183 prorsus
309 2104 474 2180 repugnat,
496 2093 530 2157 id
552 2093 637 2178 quod
651 2093 812 2182 Hauptius
835 2117 875 2159 ex
897 2093 956 2158 hac
978 2093 1119 2158 locorum
1140 2093 1306 2160 collatione
1322 2117 1379 2160 suo

159 2196 226 2260 iure
250 2194 420 2260 concludit:

183 2314 316 2373 Aurelius
338 2313 440 2371 Victor
461 2314 497 2372 de
518 2313 634 2372 Caesar.
656 2314 679 2388 l,
701 2315 718 2371 'l
878 2321 951 2373 auct.
972 2314 1008 2373 de
1028 2315 1080 2372 vir.
1102 2314 1142 2375 ill.
1165 2313 1298 2373 LXXIX

161 2474 166 2485 .
195 2475 199 2484 .
224 2427 296 2484 felix
317 2426 432 2485 adeo..
459 2434 489 2482 ut
509 2425 584 2494 ludi,
608 2425 744 2504 Scythae,
834 2425 911 2498 Indi,
938 2424 1073 2503 Scythae,
1105 2425 1265 2500 Sarmatae,
1285 2427 1380 2501 Daci,

161 2520 357 2578 Garamantes
378 2538 413 2577 ac
427 2519 525 2576 Bactri
547 2518 659 2596 legatos
676 2520 744 2578 mit·
797 2538 870 2594 quos
886 2539 943 2578 non
958 2521 1117 2595 domuerat,
1137 2521 1215 2580 dona
1229 2521 1379 2582 miserunt.

160 2621 261 2672 terent.

250 2741 391 2827 Denique
413 2751 478 2805 tota
500 2744 641 2827 quaestio
667 2742 708 2807 ad
734 2741 890 2829 liquidum
916 2741 1114 2827 perducetur,
1145 2743 1181 2824 si,
1214 2742 1298 2808 unde
1324 2742 1379 2809 ille

161 2845 200 2910 de
221 2844 353 2909 Aurelio
373 2842 501 2908 Victore
517 2865 604 2908 error
626 2844 784 2932 profectus
807 2846 855 2924 sit,
879 2845 1084 2931 perspexeris.
1120 2868 1194 2909 nam
1215 2844 1250 2909 in
1273 2843 1379 2910 codice

160 2943 358 3012 Bruxellensi
382 2943 461 3009 haec
487 2944 569 3010 libro
599 2945 636 3010 de
662 2945 720 3012 vir.
748 2945 792 3011 ill.
824 2945 1002 3033 subscripta
1027 2955 1101 3010 sunt
1130 2945 1238 3012 verba:
1275 2945 1380 3026 „Finit

160 3047 268 3111 Prima
293 3046 386 3111 Pars:
420 3047 523 3110 Huius
557 3045 686 3134 Operis:
719 3046 849 3134 Incipit:
870 3046 1045 3120 Secunda:
1078 3046 1203 3112 Aurelii
1237 3047 1377 3112 Victor.“

160 3173 178 3214 e
201 3171 263 3235 qua
284 3148 515 3236 subscriptione
535 3149 677 3213 nonnulli
700 3139 902 3233 viri'docti⁴)
920 3149 1112 3232 collegerunt
1133 3147 1250 3213 librum
1265 3148 1303 3212 de
1322 3150 1378 3214 vir.

161 3250 207 3315 ill.
231 3249 351 3315 Victori
377 3250 480 3330 tribui,
515 3249 547 3313 id
577 3249 660 3337 quod
685 3250 759 3316 inde
781 3249 910 3314 minime
938 3250 1087 3335 consequi
1116 3249 1175 3316 Th.
1199 3249 1380 3337 Opitzius⁵)

162 3352 229 3416 iure
251 3351 425 3437 meritoque
448 3352 564 3433 statuit,
592 3353 688 3416 immo
710 3352 952 3438 potius'librum
980 3350 1019 3416 de
1045 3351 1101 3416 vir.
1129 3349 1173 3414 ill.
1202 3341 1381 3430 ἀνωνύμως

235 3526 257 3587 1)
276 3522 323 3591 Ep.
342 3521 374 3585 V,
396 3526 409 3572 8
429 3522 518 3573 scribit
535 3521 580 3574 ille
600 3522 706 3590 quidem
726 3523 803 3575 Ateio
823 3521 944 3591 Capitoni
963 3522 1053 3573 multis
1077 3519 1241 3574 hortantibus
1264 3536 1292 3572 se
1311 3518 1380 3572 velle

162 3609 297 3662 historiam
317 3623 488 3677 componere,
516 3615 562 3660 sert
585 3605 633 3658 hoc
656 3607 795 3659 consilium
814 3624 866 3660 non
886 3606 1002 3660 effecisse
1031 3607 1144 3661 ridetur.
1163 3608 1199 3672 [v.
1223 3605 1380 3657 Teuffalium

162 3693 225 3748 hiat.
243 3695 294 3747 1111.
314 3698 411 3762 p.-‘194,
433 3694 484 3762 11].
519 3693 550 3747 dc
567 3693 649 3745 altero
662 3692 843 3745 Plinianarum
861 3693 1033 3760 epistolarum
1054 3691 1112 3758 [Vl,
1131 3693 1175 3757 20]
1194 3692 1260 3756 loco,
1279 3691 1323 3760 qui
1342 3708 1381 3742 ar·

162 3787 289 3850 gumento
313 3796 371 3832 esse
390 3780 543 3848 putabatur,
565 3795 590 3834 v.
610 3779 642 3830 ll.
662 3777 792 3830 llanltium
810 3778 842 3830 dc
862 3779 1038 3831 Romanorum
1061 3795 1149 3831 rerum
1171 3778 1341 3846 scriptoribus
1361 3779 1380 3839 l,

167 3873 208 3932 29,
227 3873 242 3918 t
262 3870 289 3919 et
308 3869 472 3918 Arntzenum
490 3866 517 3917 iu
537 3865 616 3931 praei.
635 3864 744 3916 editioni
763 3863 885 3932 praefixa.

233 3955 259 4016 2)
278 3951 392 4014 Primus,
411 3957 539 4020 qnantum
557 3951 621 4013 scio,
643 3949 672 4003 (1.
692 3948 830 4013 Barthius,
853 3947 964 4002 Schottii
984 3950 1119 4018 aequalis,
1135 3948 1203 4003 hanc
1221 3949 1380 4002 sententiam

163 4039 336 4110 improbavit3
355 4037 445 4090 scribit
467 4036 538 4089 enim
557 4036 585 4088 in
608 4035 738 4088 adversar.
758 4035 775 4087 l.
793 4035 852 4087 LVl
875 4051 901 4104 p.
915 4039 994 4090 2655:
1016 4075 1038 4100 ,.
1057 4075 1089 4088 ..
1113 4041 1203 4089 auctor
1225 4034 1255 4087 de
1278 4036 1326 4087 vir.
1344 4035 1381 4086 ill.

164 4126 246 4178 Sexto
265 4123 364 4176 Victori
384 4123 463 4190 vulgo
482 4121 673 4191 possessiouem
693 4121 797 4184 cedens,
817 4121 887 4184 licet,
906 4125 936 4172 ut
954 4136 1002 4188 ego
1020 4121 1150 4185 existimo,
1170 4137 1221 4173 uon
1241 4119 1380 4173 admodum

165 4209 264 4262 volenti
283 4209 394 4261 animer
432 4207 478 4262 clr.
497 4208 610 4260 cundem
629 4211 662 4259 ud
680 4206 749 4261 Stat.
768 4204 892 4260 Thebaid.
911 4206 972 4269 Xll,
992 4210 1050 4260 664.

234 4299 259 4350 31
279 4312 302 4348 v.
316 4291 503 4346 Woelllliuum
523 4309 590 4346 mus.
610 4292 692 4345 Rheu.
711 4296 731 4344 t.
749 4291 851 4357 XXIX,
870 4308 887 4361 p
909 4297 959 4346 2⁸5
978 4308 1033 4361 sqq.

233 4381 261 4448 4)
280 4379 415 4433 Grunerus
433 4380 459 4432 iu
478 4381 557 4448 prael.
576 4379 647 4442 edit,
666 4377 799 4430 Fabricius
820 4377 886 4431 Bibl.
905 4377 963 4432 Lat.
982 4378 1002 4442 l,
1022 4395 1047 4446 p.
1060 4382 1119 4432 573.

234 4471 260 4531 5)
279 4464 470 4531 Quaestionum
489 4466 520 4518 dc
538 4466 598 4519 Sex.
618 4464 725 4519 Aurelio
747 4465 849 4517 Victore
868 4463 955 4533 capita
973 4464 1139 4531 1111112011.
