3258 5186
780 374 819 436 67

696 461 898 469 —--.-—

186 575 284 634 Varro
300 576 334 636 L.
354 576 387 636 L.
402 575 438 650 V,
458 576 511 635 159
530 597 559 653 p.
575 576 612 635 62
632 576 676 634 ed.
688 575 769 636 Mull.
909 591 984 636 suet.
1006 577 1041 635 de
1063 577 1114 636 vir.
1137 576 1178 640 ill.
1201 579 1266 652 vn,
1291 580 1324 635 19

227 687 332 746 Vicus
365 686 566 746 Sceleratus
603 687 718 746 dictus
753 707 771 746 s
861 689 1069 748 Tullia..viso
1089 688 1317 766 patrisccrpore
1338 709 1409 747 mu-

186 781 289 840 Tullia
378 782 458 856 quod
490 781 531 840 ibi
566 801 631 840 cum
661 783 771 840 iaceret
821 783 948 842 lionem
968 784 1127 842 esitantem
1158 801 1262 859 super
1290 785 1408 862 ipsum

186 881 270 951 pater
283 876 397 934 occisus
412 892 520 950 supra
540 895 615 932 eum
628 894 768 952 carpen-
821 897 946 954 corpus
968 883 1173 954 carpentum
1194 896 1295 954 agere
1308 900 1407 956 prae-

187 975 256 1027 tum
277 969 385 1027 mulio
409 976 446 1028 ut
470 969 629 1048 inigeret
654 971 767 1031 iussit.
822 973 926 1047 cepit,
958 973 1034 1030 uude
1066 971 1164 1029 vicus
1198 971 1260 1030 ille
1295 973 1407 1034 Scele-

821 1071 923 1124 ratus
942 1065 1067 1124 dictus.

271 1207 377 1266 Verrio
386 1208 420 1268 L.
430 1209 465 1266 L.
479 1208 515 1282 V,
537 1209 591 1267 157
612 1229 640 1286 p.
656 1210 691 1268 61
884 1218 960 1271 auct.
982 1212 1018 1270 de
1037 1211 1091 1271 vir.
1111 1211 1154 1270 ill.
1175 1211 1272 1286 XVII,
1293 1215 1337 1290 5¹)

225 1319 482 1395 Aequimelium
511 1320 588 1396 quod
617 1329 770 1398 aequata
917 1322 1052 1381 domum
1090 1323 1152 1381 eius
1193 1323 1299 1400 [Melii]
1341 1325 1406 1383 solo

187 1412 265 1471 Melii
285 1414 404 1473 domus
422 1414 545 1490 publice,
560 1416 635 1491 quod
650 1435 769 1494 regnum
821 1418 1000 1494 aequavit,
1023 1418 1099 1476 unde
1112 1417 1193 1475 locus
1207 1417 1256 1474 ille
1278 1419 1403 1494 Aequi-

187 1507 278 1566 voluit
296 1527 435 1582 occupare
454 1509 489 1568 is.
729 1537 731 1540 ·
821 1511 962 1569 melium
982 1511 1126 1587 dicitur.²)

270 1677 299 1718 v.
323 1650 508 1720 Ciceronem
531 1655 570 1720 de
593 1656 687 1721 domo
709 1656 903 1739 XXXVIII,
928 1659 985 1721 101

186 1806 281 1864 Varro
302 1809 362 1885 [sp.
386 1807 512 1868 Gellium
529 1809 629 1879 XVII,
650 1809 696 1884 21,
718 1809 768 1887 24]
892 1817 967 1870 auct.
987 1810 1023 1868 ds
1045 1810 1096 1869 vir.
1118 1809 1160 1867 ill.
1181 1808 1298 1884 xxlv,
1320 1810 1336 1867 7

224 1920 261 1979 M.
277 1917 649 1980 Manlius..dsmnatus
664 1921 769 1997 capitis
861 1921 1014 1998 [Manlius]
1046 1921 1234 1980 damnatus
1265 1921 1300 1978 ds
1334 1941 1406 1981 saxo

184 2033 201 2070 e
222 2031 295 2072 saxo
315 2012 453 2089 Tarpeio,
477 2020 511 2072 ut
530 2015 569 2074 M.
593 2013 687 2073 Varro
717 2015 769 2088 ait,
822 2015 950 2092 Tarpeio
971 2014 1239 2090 praecipitatus
1259 2020 1313 2074 est.

185 2126 352 2184 praeceps
373 2108 468 2167 datus.

186 2270 279 2328 Varro
301 2269 392 2347 [apud
408 2268 533 2328 Plinium
547 2271 648 2346 XXII,
669 2270 696 2341 6,
720 2271 767 2347 13]
891 2277 965 2331 auct.
989 2272 1025 2329 de
1045 2270 1098 2328 vir.
1119 2269 1161 2329 ill.
1182 2269 1294 2343 LVIII,
1315 2271 1334 2328 4

225 2383 424 2440 Aemilianum
454 2401 569 2460 quoque
603 2382 767 2458 Scipionem
858 2383 969 2459 [Scipio
992 2381 1183 2457 Aemilianus]
1211 2381 1345 2441 tribunus
1369 2383 1405 2441 in

185 2477 281 2534 Varro
302 2482 467 2535 auctorest
491 2477 657 2535 donatum
678 2477 767 2536 obsi·
820 2477 944 2535 Africa
972 2478 1025 2535 sub
1054 2475 1104 2534 M!
1125 2475 1248 2533 Manilio
1277 2477 1404 2554 impers-

185 2571 321 2629 dicnali
341 2571 496 2647 (curcua)
509 2572 545 2628 in
567 2572 690 2630 Africa
706 2572 767 2629 Ma·
819 2581 881 2629 tore
902 2569 998 2647 VIII⁸)
1016 2569 1150 2628 cohortes
1172 2570 1323 2628 obsidione
1342 2570 1404 2628 val-

184 2665 256 2723 uilio
286 2666 403 2723 consule
429 2665 474 2723 III
502 2665 669 2724 cohortibus
699 2685 767 2725 ser·
819 2665 950 2724 latae...
969 2665 1143 2738 servavit,
1172 2683 1191 2721 a
1221 2665 1327 2741 quibus
1352 2684 1403 2722 co-

186 2760 275 2818 vatis
318 2761 495 2835 totidemque
531 2760 570 2818 sd
610 2760 768 2818 servandas
791 2791 792 2796 ι
819 2778 905 2816 rous
938 2757 1160 2817 obsidionali
1199 2757 1312 2834 [aurea]
1347 2758 1403 2816 do·

183 2871 233 2910 eas
254 2854 365 2912 eductis
385 2864 437 2912 cet.
818 2858 929 2910 natus.

271 3133 395 3216 Quibus
418 3134 494 3200 locis
517 3133 639 3201 collutis
660 3133 810 3220 sequitur,
834 3144 869 3198 ut
893 3132 931 3199 de
953 3133 999 3198 eis
1022 3132 1237 3214 disseramus„
1261 3154 1340 3218 quos
1362 3131 1403 3196 sd

183 3235 360 3302 Varronem
385 3235 565 3302 referendos
595 3258 664 3302 esse
691 3258 732 3301 ex
759 3235 994 3323 comparatione
1021 3257 1093 3299 cum
1120 3233 1188 3298 aliis
1222 3233 1402 3298 auctoribus

183 3338 267 3404 fucta
288 3349 428 3426 apparet.

266 3441 318 3504 Ac
348 3441 483 3529 primum
511 3462 590 3527 quae
620 3461 644 3504 s.
672 3438 694 3504 f.
722 3461 748 3504 c.
776 3438 794 3503 I
826 3439 865 3504 de
893 3438 985 3504 Remi
1016 3447 1118 3504 morte
1151 3445 1334 3503 enarrantur
1361 3435 1401 3500 ad

183 3542 495 3608 verbumlerecum
519 3540 742 3607 Ovidiouasc.
766 3539 908 3623 1V‚837
933 3561 1001 3626 sqq.
1032 3540 1210 3606 concinunt.
1254 3539 1402 3625 leguntur

184 3644 266 3710 enim
288 3643 381 3709 haec:

254 3922 279 3979 1)
301 3916 358 3971 Liv.
373 3915 419 3984 IV,
439 3919 479 3983 16,
498 3921 525 3970 1;
549 3914 709 3970 Domum..
727 3955 733 3970 .
751 3913 818 3966 dirui
846 3915 979 3983 extemplo
1005 3913 1092 3967 iussit.
1136 3910 1163 3964 id
1189 3911 1400 3979 Aequimaelium

183 4002 355 4073 appellatum.

253 4089 278 4154 2)
297 4087 335 4140 Its
356 4089 474 4140 scribunt
492 4086 565 4140 codd.
583 4087 613 4140 B.
632 4086 673 4151 V.‚
693 4087 724 4138 A.

253 4176 280 4238 3)
296 4171 335 4226 De
353 4189 523 4227 numerorum
542 4172 718 4240 discrepantia
736 4187 816 4240 supra
834 4170 948 4224 diximus
965 4171 1004 4238 [p.
1015 4173 1047 4222 38
1058 4170 1105 4234 u.].
1133 4184 1187 4221 rem
1200 4167 1283 4236 ipsam
1299 4171 1402 4238 praeter

182 4258 307 4318 Nostrum
328 4262 356 4317 ct
373 4259 490 4312 Plinium
509 4259 580 4312 solus
599 4256 716 4311 Velleius
736 4257 768 4325 [1,
789 4262 829 4322 11,
848 4262 863 4308 4
881 4273 905 4320 p.
918 4258 962 4324 10]
982 4254 1070 4308 tradit.
1182 4336 1195 4368 *

1164 4343 1178 4390 5
