3258 5186
841 481 958 575 cu·

250 687 409 764 gerentem
432 679 473 744 ad
495 683 668 748 exercitum
690 682 867 770 profugisse
889 685 929 766 [c.
945 681 1040 762 XXI,
1064 680 1108 766 3]‚
1131 679 1275 768 Appium
1298 679 1475 748 Claudium

250 778 392 846 Caecum
412 781 498 846 riam
520 806 640 871 usque
662 783 920 850 Brundusium
947 782 1104 871 lapidibus
1127 783 1276 848 stravisse
1298 793 1331 848 et
1352 805 1477 868 aquam

248 882 433 949 Anienem
453 885 487 950 iu
509 886 620 952 urbem
641 885 803 952 induxisse
828 887 867 969 [c.
883 882 1043 964 XXIV,7
1067 884 1123 951 cfr.
1138 883 1272 950 Frontin
1298 883 1337 949 de
1352 906 1477 970 aquae·

247 983 334 1051 duct
351 983 390 1066 V,
413 1009 444 1073 p.
461 988 502 1054 99
518 987 567 1052 ed.
584 987 691 1070 Ded.],
714 986 862 1053 Fulvium
877 985 1074 1053 Nobiliorem
1095 987 1292 1052 consulem
1315 983 1476 1050 Vettones

250 1085 467 1174 Oretanosque
501 1090 700 1175 superavisse
739 1089 779 1173 [c.
812 1088 886 1170 LII,
922 1091 937 1152 l
973 1086 1028 1153 cfr.
1060 1087 1132 1154 Liv.
1159 1086 1317 1170 XXXIV,
1351 1087 1404 1166 55,
1443 1087 1475 1167 6,

248 1184 409 1270 XXXVI,
433 1191 483 1271 21,
510 1191 572 1276 10],
597 1188 768 1257 Sertorium
792 1214 812 1255 a
835 1190 874 1272 Q.
890 1188 1021 1256 Metello
1045 1188 1104 1254 Pio
1120 1189 1279 1278 Hispania
1300 1189 1475 1275 expulsum

249 1310 318 1353 esse
351 1291 391 1373 [c.
414 1289 539 1374 LXIII,
569 1294 588 1359 3
616 1293 672 1359 cfr.
699 1315 725 1358 c.
758 1291 930 1372 LXXVII,
952 1292 1000 1374 41,
1036 1289 1072 1357 C.
1096 1291 1234 1356 Marium
1257 1289 1408 1357 Cimbros
1438 1290 1474 1354 iu
1597 1317 1598 1340 ÷

249 1387 363 1474 Gallia,
388 1391 546 1459 Teutonas
560 1396 594 1460 in
608 1394 703 1460 Italia
718 1393 830 1459 vicisse
846 1395 885 1478 [c.
899 1392 1036 1474 LXVII,
1053 1394 1072 1460 2
1084 1392 1140 1458 cfr.
1153 1391 1222 1458 Liv.
1235 1392 1309 1480 epit.
1318 1391 1476 1457 LXVIII

247 1489 349 1574 (Flor.
371 1491 398 1574 I,
419 1494 462 1560 37
484 1520 516 1583 p.
532 1499 573 1563 60
595 1495 690 1584 sqq.),
718 1493 794 1561 Vell.
817 1493 861 1576 II,
887 1497 934 1576 12,
957 1497 978 1560 l
1000 1518 1030 1583 p.
1048 1496 1098 1576 23,
1120 1493 1202 1560 Plut.
1226 1493 1309 1559 Mar.
1332 1517 1359 1558 c
1380 1493 1476 1560 XXI

250 1591 405 1658 -XXVl
427 1619 458 1682 p.
473 1600 535 1664 497
559 1599 651 1686 sqq.],
678 1596 897 1664 Mithridatem
926 1598 1032 1684 ipsum
1058 1620 1078 1661 a
1099 1595 1189 1664 Sulla
1219 1595 1303 1683 apud
1326 1595 1478 1664 Chaero—

249 1717 341 1758 neam
373 1705 406 1761 et
434 1698 668 1765 Orchomenum
702 1699 818 1766 victum
850 1721 919 1766 esse
954 1698 994 1783 [c.
1022 1697 1202 1779 LXXV,7
1236 1696 1411 1782 (LXXVI,
1437 1699 1476 1782 5)

250 1795 305 1861 cfr.
339 1796 498 1865 Plutarch.
539 1799 617 1867 Sull.
650 1800 750 1896 XVII
781 1823 849 1888 sqq.
881 1824 913 1889 p.
937 1801 1014 1881 552,
1047 1798 1130 1865 XXI
1164 1824 1194 1887 p.
1218 1801 1293 1881 558,
1326 1800 1475 1889 Appian.

248 1896 360 1964 Mithr.
389 1900 488 1966 XLII
514 1925 546 1988 p.
568 1903 629 1968 228
665 1925 692 1970 c.
722 1900 831 1967 XLIX
867 1925 897 1990 p.
923 1903 1014 1985 2321,
1047 1901 1231 1967 Numidiam
1263 1927 1283 1968 a
1314 1902 1475 1989 Pompeio

248 1997 497 2069 Massinissae
539 2005 715 2069 restitutam
752 2025 822 2069 esse
861 2003 901 2089 [o.
935 2002 1115 2085 LXXVII,
1153 2006 1172 2070 2
1210 2005 1265 2071 cfr.
1303 2003 1473 2070 Plutarch.

249 2098 360 2190 Pomp.
384 2103 454 2170 XII
476 2127 505 2191 p.
523 2105 595 2185 745,
619 2105 756 2193 Appiam.
780 2106 811 2170 b.
832 2128 858 2172 c.
879 2104 907 2185 I,
930 2106 973 2170 40
994 2127 1023 2191 p.
1042 2105 1128 2191 32³0],
1151 2105 1341 2194 Pompeium
1361 2126 1475 2193 prae-

250 2209 373 2268 torem
400 2205 433 2270 in
460 2205 647 2293 Hispaniam
674 2207 808 2272 missum
832 2229 902 2272 esse
929 2208 968 2290 [c.
996 2206 1173 2288 LXXVII,
1202 2211 1220 2271 4
1248 2207 1303 2272 cfr.
1330 2205 1400 2273 Cic.
1430 2205 1476 2271 de

248 2301 324 2388 imp.
360 2303 419 2371 On.
454 2308 596 2396 Pompeii
621 2308 720 2389 XXI,
749 2310 802 2390 62,
837 2307 916 2372 Phil.
943 2307 987 2390 X,
1014 2309 1043 2387 8,
1073 2310 1123 2390 18,
1156 2308 1227 2374 Liv.
1261 2306 1333 2394 epit.
1362 2306 1474 2391 XOU,

248 2403 450 2472 Dolabellam
479 2433 499 2474 a
521 2409 659 2476 Caesare
684 2411 800 2477 iudicio
826 2432 1007 2498 oppressum
1037 2433 1106 2476 esse
1134 2409 1474 2494 [0.txxv111‚a¹)

250 2505 305 2572 cir.
340 2507 499 2576 Plutarch.
535 2509 628 2577 Caes.
651 2512 699 2577 IV
724 2535 754 2599 p.
776 2511 848 2592 845,
881 2511 1058 2576 Asconium
1085 2510 1119 2575 in
1146 2508 1252 2578 Scaur.
1281 2535 1312 2599 p.
1329 2513 1369 2577 26
1400 2512 1471 2594 Or,

249 2605 378 2674 Sueten.
403 2609 496 2680 Oass.
520 2611 592 2695 lV].

334 2711 486 2780 Videmus
507 2713 605 2800 igitur
625 2714 692 2782 fere
712 2715 831 2780 nullum
854 2713 934 2799 fingi
954 2735 1048 2800 posse
1070 2737 1212 2779 errorum
1238 2717 1346 2796 genus,
1377 2712 1472 2778 cuius

248 2835 311 2889 non
335 2813 528 2882 luculentum
549 2817 728 2903 exemplum
748 2816 782 2880 in
803 2815 884 2881 libro
905 2824 1013 2880 nostro
1035 2825 1145 2881 exstet.
1190 2835 1228 2880 ac
1249 2827 1325 2903 quot
1346 2837 1473 2882 errores

250 2913 367 2980 Nostro
388 2917 451 3002 ipsi
474 2917 661 2984 attribuendi
684 2918 756 3000 sint,
779 2926 855 3004 quot
874 2916 923 2980 vel
941 2913 1072 3002 Hygino
1088 2917 1138 2983 vel
1151 2918 1272 2982 Incerto
1286 2917 1333 2982 illi
1347 2917 1473 2981 auctori

250 3013 426 3101 delegandi,
449 3029 534 3085 certo
557 3021 629 3086 sciri
651 3020 769 3107 nequit,
792 3029 825 3083 at
846 3027 961 3098 tamen,
985 3039 1057 3080 cum
1070 3017 1230 3084 interdum
1244 3017 1274 3084 ei
1290 3015 1471 3104 scriptores,

250 3115 304 3200 qui
327 3141 366 3182 ex
388 3118 507 3198 eodem,
531 3121 614 3186 unde
635 3122 760 3202 Noster,
783 3121 869 3186 fonte
891 3141 949 3183 sua
971 3117 1127 3200 derivant,
1156 3119 1191 3182 in
1213 3118 1334 3184 eisdem
1355 3119 1472 3183 errori-

249 3216 310 3282 bus
333 3229 504 3303 versentur,
537 3220 598 3286 hoc
619 3220 729 3308 procul
752 3220 847 3286 dubio
869 3230 993 3287 constat
1014 3244 1075 3285 non
1100 3242 1223 3308 semper
1244 3229 1406 3286 auctorem
1428 3218 1471 3284 de

249 3318 307 3385 vir.
334 3320 379 3384 ill.
405 3320 509 3409 ipsum
542 3343 689 3410 peccasse
721 3321 895 3408 putandum
928 3344 1005 3388 esse.
1049 3344 1122 3387 nam
1144 3322 1312 3408 Ampelius
1344 3343 1470 3408 quoque

249 3419 364 3486 Pontio
386 3421 434 3487 illi
448 3422 602 3490 Hercnuii
622 3423 689 3488 filio
712 3445 888 3510 cognomen
909 3424 990 3490 indit
1005 3423 1151 3490 Telesino
1168 3423 1309 3512 [Ampel.
1320 3423 1399 3505 XX,
1418 3425 1469 3504 10,

249 3521 411 3605 XXVIII,
436 3525 455 3589 2
478 3523 532 3590 cfr.
557 3535 716 3590 auctorem
743 3523 783 3590 de
811 3526 869 3591 vir.
897 3525 941 3592 ill.
964 3523 1073 3607 XXX,
1099 3525 1130 3611 1]
1166 3535 1198 3590 et
1223 3525 1261 3591 P.
1284 3523 1469 3591 Cornelium

250 3617 431 3710 Scipionem
454 3625 600 3692 Nasicam
623 3648 685 3692 cos.
709 3649 738 3692 a.
762 3625 823 3691 592
846 3649 874 3691 a.
897 3651 927 3691 u.
951 3649 978 3693 c.
1002 3648 1072 3692 cum
1094 3625 1130 3694 P.
1148 3625 1296 3692 Cornelio
1320 3624 1468 3714 Scipione

248 3724 367 3791 Nasica
388 3747 450 3790 cos,
475 3750 503 3793 a.
527 3728 589 3794 563
612 3751 640 3793 a.
660 3753 691 3793 u.
715 3751 742 3794 c.
770 3727 935 3794 confundit
964 3729 1103 3816 [Ampel.
1126 3727 1218 3808 XIX,
1247 3731 1280 3792 ll
1310 3728 1366 3794 cfr.
1393 3749 1468 3793 auc-

248 3836 349 3893 torem
376 3826 414 3893 de
441 3828 498 3894 vir.
526 3828 569 3894 ill.
596 3827 755 3914 XLIW).
799 3828 914 3895 deinde
944 3838 1053 3894 auctor
1085 3827 1273 3894 scholiorum
1306 3829 1340 3895 in
1368 3829 1467 3895 Juve-

248 3929 353 3996 nalem
382 3931 566 4016 scriptorum
598 3931 641 4018 [p.
663 3931 723 3995 324
753 3929 802 3996 ed.
830 3929 931 4012 Jahn]
961 3928 1087 4013 eodem,
1121 3953 1183 4018 quo
1207 3931 1330 4012 Noster,
1363 3953 1468 3998 errore

249 4031 357 4118 lapsus
380 4032 419 4115 [c.
435 4030 494 4116 LI]
520 4028 556 4097 O.
580 4030 728 4097 Flaminii
749 4031 815 4096 filio
838 4030 991 4113 attribuit,
1013 4054 1095 4117 quae
1117 4031 1153 4097 T.
1178 4031 1324 4114 Quinctio
1347 4031 1467 4098 Flami·

318 4309 342 4368 1)
361 4304 459 4358 Eodem
478 4320 563 4358 errore
581 4303 829 4358 Pseudo-Asconius
847 4301 874 4355 ln
893 4302 1003 4357 diriort.
1023 4319 1047 4372 p.
1063 4309 1112 4358 110
1130 4303 1207 4359 Orcll.
1225 4303 1329 4358 labitur.

319 4393 346 4459 a)
364 4390 436 4444 ldsnr
463 4405 534 4442 error
559 4389 628 4458 apud
657 4389 839 4459 augustinum
866 4387 895 4444 0.
914 4388 944 4444 D.
964 4389 984 4454 1,
1011 4388 1265 4459 ³0p.471)omb.;
1291 4405 1315 4447 o.
1333 4393 1362 4444 31
1385 4405 1410 4462 p.
1423 4394 1464 4457 48,

249 4477 283 4547 11,
302 4481 317 4530 5
336 4492 362 4552 p.
375 4479 407 4537 58
426 4479 453 4528 ct
470 4473 540 4546 apud
558 4473 616 4534 biv.
634 4475 697 4549 epit.
715 4474 966 4534 Xth-lurouitur.
