3258 5186
690 489 883 582 L

177 688 296 774 antiqu.
331 713 361 754 v.
384 689 549 754 nefrendes
571 711 601 774 p.
618 687 652 752 X
677 687 820 770 Lersoh.]
846 685 1092 773 comparaveris
1125 684 1258 750 videbis.
1294 707 1390 772 quare

176 813 256 876 quae
279 789 316 854 de
338 789 460 854 Manlio
483 787 663 876 Capitolino
686 798 885 876 exponuntur
906 797 972 852 tam
994 797 1078 852 arcte
1101 809 1172 850 cum
1201 786 1254 850 illa
1282 809 1390 852 narra-

175 891 315 956 tiuncula
348 913 499 972 connexa,
533 890 637 956 eidem
663 889 800 955 Varroni
832 889 998 954 tribuenda
1031 898 1112 971 sunt,
1146 889 1263 974 quippe
1296 911 1391 974 quem

176 993 332 1076 constet1)
355 991 394 1058 de
418 991 507 1058 donis
528 991 717 1057 militaribus
740 992 911 1078 scripsisse.

258 1094 310 1158 Ac
338 1095 366 1159 si
399 1094 437 1159 de
468 1093 529 1158 hoc
550 1092 646 1158 Plinii
678 1094 748 1159 loco
782 1104 866 1160 reete
899 1092 1117 1174 iudicavimus
1151 1092 1257 1158 nescio
1290 1113 1392 1156 anea

176 1218 301 1282 quoque
323 1195 500 1261 aVarrone
522 1195 663 1282 profecta
685 1219 754 1262 esse
776 1205 862 1262 recte
883 1194 1066 1276 iudicemus
1091 1217 1172 1280 quae
1194 1193 1233 1258 de
1256 1193 1390 1279 quadra·

176 1296 264 1380 ginta
274 1306 423 1382 quattuor
434 1296 565 1363 Catonis
577 1297 829 1364 accusationibus
840 1307 949 1362 auctor
960 1295 999 1361 de
1011 1296 1069 1362 vir.
1085 1296 1127 1360 ill.
1147 1297 1186 1380 [c.
1202 1293 1340 1374 XLVII,
1355 1293 1387 1378 8]

174 1399 344 1464 memoriae
379 1398 493 1486 prodit.
559 1399 676 1464 etenim
715 1399 797 1465 hanc
839 1420 963 1486 quoque
1003 1421 1072 1462 rem
1111 1398 1233 1482 solus²)
1269 1395 1390 1462 Plinius

177 1499 338 1583 [Vrina
363 1501 414 1586 10]
440 1501 657 1576 sicutNoster
683 1500 787 1583 tradit,
818 1501 907 1588 isque
937 1500 1024 1565 nulla
1048 1523 1082 1566 re
1108 1500 1293 1588 interposita
1319 1508 1391 1564 ante

176 1599 254 1666 duas
275 1602 355 1682 illas,
380 1603 419 1667 de
441 1603 555 1688 quibus
578 1602 726 1683 diximus,
748 1602 1009 1669 narratiunculas
1054 1625 1150 1688 quare
1179 1602 1240 1667 hoe
1266 1623 1391 1689 quoque

175 1700 214 1765 de
238 1701 359 1768 Catone
388 1706 566 1792 expositum
592 1703 633 1768 ad
656 1702 867 1788 Varronem³)
894 1703 1090 1770 referendum
1119 1727 1188 1769 esse
1214 1727 1278 1768 non
1306 1702 1391 1768 omni

174 1804 252 1868 mibi
276 1805 404 1870 videtur
432 1827 537 1870 carere
565 1807 799 1890 probabilitate,
833 1807 1018 1894 praesertim
1049 1805 1174 1870 cumin
1207 1807 1276 1892 ipso
1308 1804 1390 1869 libro

174 1905 308 1993 septimo
342 1905 567 1972 conscribendo
593 1907 733 1973 Plinium
764 1907 919 1995 permulta
952 1930 969 1971 e
999 1906 1143 1972 Varrone
1177 1906 1390 1992 desumpsisse

173 2006 249 2072 inde
271 2019 430 2095 appareat,
453 2009 537 2095 quod
559 2032 637 2074 eum.
654 2009 836 2096 saepissime
857 2008 966 2074 laudat
988 2008 1195 2091 auctorem.¹)

246 2283 270 2346 1)
290 2297 314 2332 v.
335 2280 506 2334 Nerullinum
525 2280 544 2331 l.
561 2281 579 2334 l.
598 2297 622 2348 p.
638 2286 669 2334 14
688 2286 716 2333 et
731 2280 760 2334 Ο.
773 2279 920 2350 Gruppium
940 2281 987 2333 Die
1002 2281 1217 2350 Ueberlieserung
1235 2276 1390 2332 derBruch·

172 2353 335 2418 stricle'von
354 2367 449 2419 Varros
467 2366 655 2435 Antiquitates‚
672 2367 700 2418 iu
719 2367 985 2419 commentationibus
1006 2366 1219 2419 Mommsenianis
1238 2383 1263 2434 p.
1277 2369 1334 2419 553.

242 2455 269 2516 ’2)
288 2451 442 2506 Plutarchus
462 2469 484 2505 v.
504 2451 559 2505 Cat.
578 2453 639 2504 nrai.
652 2451 703 2503 XV
723 2469 748 2520 p.
760 2457 809 2506 411
830 2453 919 2504 scribit
937 2456 1053 2505 tantum:
1081 2454 1201 2519 Λέγεται
1220 2448 1274 2519 yrip
1295 2449 1391 2518 ὀλίγον

174 2533 367 2596 ἀπολιπούσας
384 2539 438 2590 τῶν
456 2535 628 2604 πεντήκοντα
653 2545 756 2608 quer‘a
775 2539 913 2598 δίκας...
932 2537 1040 2590 Solinus
1059 2555 1084 2606 p.
1097 2542 1140 2604 30,
1163 2543 1195 2590 20
1214 2535 1253 2589 ed.
1271 2535 1391 2588 Momms.

174 2641 188 2674 e
209 2623 295 2675 Plinio
314 2639 363 2676 sua
381 2623 536 2692 desumpsit.

244 2711 270 2772 3)
289 2708 421 2777 Hauptius
440 2709 510 2761 hunc
530 2709 680 2762 Plinianum
699 2710 786 2762 locum
805 2727 818 2760 e
839 2710 939 2778 Nepote
958 2723 1079 2762 manasse
1102 2708 1163 2760 inde
1188 2707 1297 2770 conicit,
1322 2707 1392 2776 quod

174 2810 206 2846 ea
224 2794 255 2846 de
274 2792 373 2848 Catone
392 2795 478 2860 verba,
502 2812 568 2864 quae
587 2795 762 2859 antecedunt,
779 2812 846 2848 vcuru
868 2795 970 2864 Nepote
994 2793 1070 2860 [Cato
1090 2793 1135 2856 ΙΙΙ,
1157 2794 1183 2858 l]
1205 2794 1284 2863 plane
1306 2793 1391 2846 couci·

175 2881 249 2934 nant.
284 2896 375 2933 verum
395 2881 441 2932 illa
459 2879 538 2932 Plinii
559 2881 637 2933 verba
660 2880 743 2932 multo
767 2881 875 2950 propius
897 2879 930 2932 ad
950 2879 1102 2933 Ciceronem
1121 2896 1199 2948 quam
1218 2879 1250 2932 ad
1262 2879 1392 2948 Nepotem

174 2963 296 3017 accedere
315 2982 347 3019 ex
365 2965 414 3019 hac
432 2966 625 3034 comparatione
643 2968 755 3034 patebit:

239 3069 327 3137 Nepos
347 3067 411 3122 Cato
431 3069 476 3133 lll,
494 3075 510 3146 Ι1
646 3069 713 3122 Plin.
733 3069 792 3136 Vll,
811 3075 853 3134 27,
873 3076 922 3124 loo
999 3069 1051 3124 Cio.
1071 3069 1101 3122 de
1119 3075 1184 3125 orat.
1204 3069 1249 3130 ΙΙΙ,
1269 3073 1311 3136 33,
1331 3073 1380 3124 135

211 3171 241 3223 ln
259 3172 382 3226 omnibus
399 3170 476 3224 rebus
489 3173 581 3240 siugu-

175 3257 224 3309 lari
240 3258 290 3310 luit
307 3256 445 3310 industria.
470 3273 531 3308 narn
556 3259 582 3310 et

175 3343 289 3412 agricola
307 3343 400 3396 sollers
419 3344 446 3393 et
458 3341 582 3409 reipubli-

174 3443 220 3481 cae
239 3429 511 3496 peritusetmagnus
529 3431 582 3479 im·
609 3425 742 3480 ....Cato
762 3427 961 3495 essetoptimus
989 3457 1017 3466 -
1053 3445 1131 3482 nemo
1162 3427 1232 3498 apud
1263 3429 1392 3498 populum

173 3517 304 3581 perator
322 3517 348 3566 et
361 3513 499 3581 probabilis
517 3527 581 3565 ora·
608 3515 707 3576 orator,
737 3513 881 3578 optimus
909 3513 962 3565 im·
987 3514 1085 3577 sortior,
1106 3530 1198 3567 nemo
1217 3515 1392 3567 meliorac-

175 3601 226 3650 tor
248 3603 274 3650 et
296 3598 483 3667 cupidissimus
510 3599 581 3651 litte·
607 3600 746 3665 perator,
817 3597 962 3666 optimus
987 3603 1095 3664 nator,
1120 3600 1189 3653 idem
1213 3599 1289 3653 facile
1312 3600 1393 3668 opti-

175 3699 261 3735 rarum
280 3683 338 3736 fuit.
607 3688 751 3735 senator.
987 3702 1054 3739 mus
1072 3686 1260 3755 imperator.
1369 3693 1372 3698 '

175 3787 265 3855 itaque
282 3788 325 3839 vel
344 3804 376 3840 ex
390 3785 514 3840 Cicerone
533 3788 589 3856 ipso
609 3788 636 3840 in
654 3787 741 3840 iudice
760 3790 898 3839 auctorum
917 3783 976 3840 libri
996 3789 1045 3841 Vll
1064 3794 1126 3843 ante
1149 3790 1293 3844 Varronem
1312 3789 1392 3846 citato

175 3875 211 3935 (v.
238 3872 376 3926 Brennum
400 3873 438 3926 De
465 3877 604 3926 auctorum
621 3872 752 3925 indicibus
774 3873 904 3926 Plinianis
932 3873 1035 3942 Disput.
1061 3875 1169 3942 isagog,
1192 3873 1300 3927 Bonuae
1326 3879 1391 3928 1858

175 3974 201 4026 p.
217 3963 240 4020 l)
258 3960 300 4011 vel
319 3976 351 4011 ox
372 3959 495 4024 Varrone,
515 3959 666 4012 Ciceronem
680 3963 778 4022 secuto,
796 3959 899 4011 Plinius
917 3976 965 4011 sua
983 3959 1092 4012 derivat.
1128 3959 1189 4028 quid
1208 3959 1277 4029 quod
1294 3959 1392 4028 inipso

174 4043 241 4098 libro
260 4045 310 4099 Vll
328 4046 446 4114 locuples
465 4045 615 4098 invenimus
639 4045 790 4113 exemplum
813 4045 939 4097 versionis
958 4043 1146 4098 Ciceronianae
1170 4050 1196 4098 et
1215 4045 1392 4098 Varronianus

174 4148 190 4183 a
208 4131 296 4184 Plinio
315 4131 483 4184 coniunctae.
519 4131 616 4184 etenim
637 4131 663 4182 in
683 4146 705 4183 c.
719 4131 785 4184 XXI
799 4128 815 4198 §
830 4135 861 4184 85
880 4129 944 4185 haec
965 4131 1092 4200 legimus:
1113 4131 1155 4195 ,in
1175 4146 1242 4186 narce
1260 4133 1392 4186 inclusam

175 4215 285 4269 iliadem
303 4216 409 4268 Homeri
428 4232 535 4269 carmen
552 4217 581 4268 in
607 4217 758 4269 membrana
781 4217 908 4285 scriptum
931 4216 1033 4269 tradit
1051 4215 1168 4270 Cicero.
1203 4217 1282 4280 idem,
1309 4219 1392 4271 fuisse

174 4302 220 4370 qui
239 4302 383 4372 pervideret
404 4300 531 4355 CXXXV
551 4317 685 4370 passuum.
721 4299 796 4354 huic
814 4306 845 4354 et
866 4317 977 4354 nomen
1002 4301 1034 4354 N.
1057 4301 1153 4354 Varro
1177 4302 1295 4367 reddit,
1322 4293 1404 4357 Stra·¹

174 4389 269 4440 bouem
288 4391 436 4442 vocatum!

243 4478 270 4537 4)
288 4491 314 4529 v.
333 4473 472 4526 Brunnum
490 4474 508 4527 Ι.
526 4474 545 4528 Ι.
562 4489 587 4542 p.
605 4480 643 4528 12.
