3218 5174
227 634 321 700 cessit
337 684 344 698 .
359 683 365 699 .
381 684 388 697 .
404 655 590 720 semperque
613 617 754 721 superior
777 631 940 698 decessit.“
975 633 1115 719 itemque
1136 631 1170 696 in
1193 629 1302 696 ecdem
1323 654 1349 699 c.
1365 630 1448 696 XLI

228 746 335 801 noster
367 735 530 800 Lutatium
558 733 707 800 Catulum
740 735 845 820 ipsum
876 756 984 822 paoem
1021 733 1335 818 Carthaginiensibus
1372 755 1446 798 cou-

232 838 365 903 ccssisse
394 845 516 917 narrat,
552 835 636 922 apud
665 837 821 923 Nepotem
849 845 952 899 autem
977 835 1068 919 (ibid.
1093 835 1128 918 5)
1156 846 1283 922 propter
1316 833 1447 900 nimiam

229 937 335 1004 Catuli
357 939 508 1003 ferociam
535 961 599 1004 non
627 960 700 1002 cum
727 961 764 1002 eo
788 935 1067 1021 Carthaginienses
1096 959 1205 1025 pacem
1233 937 1357 1018 incunt,
1391 935 1447 1002 sed

230 1041 352 1126 legatos
375 1041 512 1106 Romam
533 1041 668 1104 mittunt.

313 1140 404 1222 Quae
426 1163 494 1204 cum
518 1140 564 1204 ita
585 1142 656 1218 sint,
679 1163 751 1205 cum
773 1150 838 1204 tam
859 1139 959 1204 multa
986 1163 1004 1202 a
1027 1141 1149 1225 Nepote
1177 1163 1306 1225 prorsus
1333 1139 1448 1206 abhor-

228 1255 332 1324 reant,
365 1241 443 1307 mihi
466 1241 593 1328 quidem
617 1241 744 1306 dubium
768 1250 914 1322 nonest,
950 1241 1025 1327 quin
1049 1241 1183 1327 Hauptii
1210 1241 1365 1306 sententia
1386 1242 1448 1306 rci-

232 1343 345 1408 oienda
367 1343 418 1423 sit,
443 1355 538 1429 atque
560 1343 634 1409 inde
657 1342 739 1430 quod
762 1343 800 1408 dc
824 1342 947 1407 Luculli
971 1352 1068 1407 morte
1095 1351 1202 1407 noster
1230 1365 1300 1407 eum
1324 1344 1448 1429 Nepote

232 1445 316 1532 apud
331 1444 537 1509 Plutarchum
561 1447 605 1529 (v.
622 1445 745 1510 Luculli
761 1445 875 1508 XLIII
897 1467 926 1530 p.
944 1445 1021 1527 621)
1044 1444 1139 1509 citato
1160 1468 1272 1510 revera
1293 1447 1448 1527 congruit,

230 1551 276 1630 (v.
305 1545 483 1632 Hauptium
505 1569 535 1632 p.
553 1548 608 1630 32)
634 1545 714 1610 nihil
739 1546 825 1610 aliud
857 1545 1011 1632 sequitur,
1044 1545 1106 1610 nisi
1139 1557 1349 1627 auctorem,
1385 1571 1448 1634 quo

230 1656 337 1712 noster
369 1657 487 1728 utatur,
522 1648 660 1735 Nepoti
685 1647 864 1714 nonnulla
890 1647 1033 1712 debere.
1079 1646 1129 1711 cui
1157 1649 1330 1713 sententiae
1352 1648 1448 1730 favet,

231 1749 316 1835 quod
343 1748 426 1835 apud
452 1750 633 1835 Ampelium
661 1772 803 1836 quoque,
838 1751 891 1835 qui
918 1772 955 1813 ex
983 1748 1094 1813 eodem
1121 1771 1158 1813 ac
1183 1759 1290 1814 noster
1321 1761 1450 1813 auctore

229 1851 360 1938 pendet,
395 1859 481 1914 certa
509 1850 639 1938 Nepotis
672 1851 807 1936 vestigia
840 1862 998 1937 apparent.
1042 1875 1114 1915 nam
1152 1852 1234 1938 apud
1264 1851 1449 1937 Ampelium

231 1952 340 2034 (XIX,
363 1953 384 2016 4
406 1951 462 2016 cfr.
485 1952 610 2033 XXVI,
634 1955 668 2037 2)
694 1954 842 2040 leguntur
868 1952 960 2017 haec:
997 1952 1166 2032 „Decimus
1188 1953 1307 2016 Brutus
1331 1951 1450 2019 Callai-

232 2076 296 2135 cuS,
320 2055 373 2140 qui
389 2050 427 2118 C.
444 2051 624 2118 Gracchum
648 2077 798 2140 generum
821 2055 951 2136 agrariis
974 2054 1095 2138 legibus
1118 2054 1309 2140 reipublicae
1332 2063 1448 2118 statum

231 2158 411 2221 turbantem
438 2177 510 2219 oum
540 2153 663 2242 Opimio
692 2157 818 2221 consule
847 2154 1038 2241 oppressit;“
1075 2178 1210 2242 quocum
1242 2151 1449 2221 conferendus

232 2268 279 2322 est
301 2254 490 2321 Plutarchus
519 2255 585 2338 [vit.
611 2255 680 2322 Tib.
703 2256 841 2322 Gracchi
862 2256 947 2320 XXI
967 2280 998 2343 p.
1015 2260 1104 2342 9951:
1195 2253 1323 2320 ritorto
1352 2250 1449 2318 Πόσ-

232 2356 305 2419 λιου
328 2352 486 2439 Κράσσον
509 2350 635 2420 οἰκεῖον
657 2347 735 2419 ὄντα
763 2354 908 2442 Γράγχῳ.
944 2357 1098 2443 &nycetio
1122 2358 1184 2442 γὰρ
1209 2353 1312 2422 αἰτοῦ
1326 2359 1449 2420 Λικιν-

129 2503 132 2510 ,
232 2453 286 2519 νιά
320 2458 346 2515 Γ
346 2452 410 2542 etp
445 2454 582 2543 Γράγχῳ
617 2455 767 2544 συνῴκει.
826 2455 948 2522 Καίτοι
983 2457 1129 2537 Νέπως
1168 2457 1185 2523 si
1221 2453 1451 2547 Κορνήλιός

233 2579 337 2643 φησιν
359 2552 398 2623 οὗ
421 2553 592 2641 Κράσσου,
620 2555 770 2645 Βρούτου
794 2557 831 2624 δὲ
852 2559 912 2623 τοῦ
934 2555 1227 2646 θριαμβεύσαντος
1249 2556 1318 2626 ἀπό
1338 2563 1450 2624 Λυσι-

236 2661 341 2723 τανῶν
364 2657 535 2746 θυγατέρα
559 2661 664 2746 γῆμαι
690 2663 716 2721 Γ
715 2657 800 2728 aior.

748 2905 866 3004 Caput
894 2904 937 2979 ll.

324 3069 449 3151 Quibus
471 3071 566 3135 rebus
589 3073 737 3156 expositis
759 3073 943 3159 priusquam
970 3075 1036 3160 ipse
1063 3073 1102 3138 dc
1130 3075 1203 3139 libri
1229 3074 1327 3138 nostri
1359 3072 1453 3137 fonti-

238 3171 299 3236 bus
322 3171 505 3255 singulatim
527 3173 689 3254 disseram,
712 3173 773 3239 hoc
794 3175 871 3238 mihi
895 3175 1018 3240 vidctur
1039 3177 1072 3240 in
1095 3176 1273 3241 universum
1298 3198 1365 3241 esse
1388 3187 1453 3240 sta·

238 3271 402 3338 tuendum:

323 3374 369 3456 Is,
404 3376 457 3461 qui
479 3376 563 3440 hunc
588 3376 702 3441 librum
733 3379 920 3462 composuit,
954 3403 1018 3443 non
1040 3401 1078 3444 ex
1101 3379 1268 3444 annalibus
1295 3379 1361 3466 ipse
1396 3402 1455 3443 sua

239 3476 484 3556 consarcinavit,
518 3477 613 3542 immo
637 3500 674 3542 ex
701 3478 837 3544 auctoris
866 3479 946 3544 libro
979 3481 1094 3563 hausit,
1128 3481 1180 3567 qui
1208 3481 1288 3546 vitas
1315 3482 1452 3546 virorum

239 3576 407 3641 illustrium
432 3577 606 3664 descripsit.

324 3678 403 3742 Nam
427 3680 563 3764 primum
586 3682 789 3768 amplioribus
812 3683 977 3748 annalibus
1000 3694 1161 3750 auctorem
1186 3684 1455 3770 nostrum‘ipsum

241 3802 332 3844 usum
354 3801 423 3844 csse
444 3780 582 3866 aliquam
596 3782 730 3847 fortasse
744 3784 977 3869 probabilitatis
994 3787 1131 3872 speciem
1146 3785 1285 3868 haberet,
1311 3787 1335 3850 si
1359 3809 1457 3850 unum

240 3881 291 3947 vel
313 3881 392 3946 duos
415 3882 582 3968 scriptores
610 3907 681 3948 eum
709 3906 816 3971 presse
844 3887 932 3972 sequi
960 3887 1146 3952 videremus.
1192 3898 1225 3952 at
1251 3900 1358 3952 tamen
1390 3911 1456 3951 om-

238 3984 327 4048 nium
347 3983 413 4048 fere
442 3994 586 4049 veterum
611 3996 773 4049 auctorum
800 3995 832 4049 et
852 3986 943 4051 Fabii
966 3987 1101 4054 Pictoris
1127 3992 1192 4074 (ex.
1213 4013 1258 4074 gr.
1283 3989 1329 4072 II,
1354 3990 1373 4054 5
1401 3989 1456 4053 cir.

238 4083 372 4171 Dionys
399 4085 449 4163 ΙΙ,
479 4086 605 4150 38-40
630 4110 660 4173 p.
683 4088 743 4150 160
770 4109 829 4173 sqq
867 4087 917 4152 ed.
943 4088 1078 4172 Kiessl.)
1110 4102 1142 4155 et
1167 4089 1270 4156 Cassii
1303 4091 1457 4156 Heminae

240 4186 304 4268 (ex.
328 4208 373 4270 gr.
406 4185 466 4267 ΠΙ,
498 4186 516 4249 3
543 4186 598 4250 cir.
622 4187 703 4252 Pliu.
726 4188 818 4268 XIII,
845 4189 893 4269 13,
917 4191 973 4273 84)
1000 4202 1031 4255 et
1053 4189 1216 4278 Calpurnii
1238 4191 1364 4258 Pisonis
1390 4193 1454 4276 (ex.

240 4307 285 4370 gr.
308 4285 454 4366 XLIIII,
483 4288 501 4351 3
529 4287 583 4350 cfr.
610 4287 748 4352 Plinium
774 4289 933 4356 XXXIV.
958 4294 990 4371 6,
1020 4293 1075 4375 30)
1110 4302 1142 4356 et
1168 4292 1269 4358 Coelii
1294 4295 1456 4381 Antipatri

240 4390 286 4471 (v.
310 4387 472 4454 Soltavum
495 4388 516 4452 l.
539 4389 559 4452 l.
583 4411 612 4475 p.
636 4391 708 4473 102)
731 4404 761 4455 et
784 4389 907 4456 Claudii
928 4390 1131 4477 Quadrigarii
1153 4395 1216 4478 (ex.
1240 4419 1286 4480 gr.
1306 4396 1415 4460 XXX.
1434 4399 1455 4460 4
