3218 5174
785 431 826 496 24

195 642 281 697 mata
307 642 339 697 et
369 640 436 697 tam
461 631 619 719 praecisas
651 641 779 718 tamque
811 632 990 699 breviculas
1022 632 1260 719 explanationes
1270 631 1300 715 1)
1344 631 1417 696 sub-

196 733 334 821 scripsit,
364 745 399 798 ut
419 734 489 799 fieri
510 733 597 797 nullo
619 733 714 798 modo
738 745 857 821 posset,
885 743 921 799 ut
942 757 982 800 ex
1004 734 1064 800 hoc
1085 758 1180 822 opere
1209 734 1289 799 liber
1312 745 1417 798 noster

196 844 425 921 excerperetur.
449 835 585 920 accedit,
612 835 697 921 quod
717 859 781 900 non
803 837 890 902 leves
910 837 992 900 inter
1014 838 1165 902 Nostrum
1188 846 1219 901 et
1241 834 1415 899 Varronem

196 946 320 1001 exstant
344 935 572 1024 discrepantiae
596 937 683 1001 velut
703 959 784 1024 quae
800 936 838 1003 de
854 938 973 1022 origine
988 939 1147 1003 nominum
1164 938 1297 1003 Talassii
1314 939 1354 1020 [c.
1371 935 1414 1016 II,

196 1040 226 1121 2,
261 1063 290 1104 v.
313 1037 486 1104 Varronem
521 1038 603 1125 apud
636 1038 768 1105 Festum
800 1063 824 1106 s.
862 1065 889 1105 v.
919 1040 1124 1120 Talassionis,
1152 1063 1183 1127 p.
1206 1040 1267 1104 351
1291 1037 1415 1119 Muell.]

194 1140 349 1207 Lucerum
385 1143 424 1224 [o.
445 1140 489 1218 Π,
516 1141 595 1224 11²)
619 1166 648 1207 v.
664 1140 837 1206 Varronem
861 1141 898 1206 L.
914 1141 951 1206 L.
977 1140 1013 1223 V,
1037 1142 1090 1223 55,
1112 1165 1144 1228 p.
1168 1143 1218 1218 22,
1251 1140 1361 1206 Muell.
1385 1149 1417 1204 et

195 1242 279 1331 apud
306 1242 450 1309 Servium
471 1243 519 1332 Ι2,
554 1244 629 1324 560,
663 1268 694 1332 p.
722 1244 784 1309 338
817 1243 864 1309 ed.
892 1243 1010 1325 Lion.],
1044 1242 1082 1307 de
1108 1243 1237 1328 triginta
1259 1243 1416 1308 curiarum

194 1346 375 1410 nominibus
405 1344 443 1429 [c.
472 1343 520 1425 II,
553 1346 592 1409 12
615 1368 645 1411 v.
670 1344 848 1409 Varronem
869 1343 955 1430 apud
977 1343 1168 1432 Dionysium
1191 1344 1266 1409 Hal.
1290 1343 1333 1425 ll,
1363 1345 1415 1424 47,

194 1470 225 1532 p.
251 1449 324 1530 171]
350 1445 545 1512 exhibentur.

279 1547 405 1613 Deinde
435 1547 572 1614 Santra
598 1546 632 1610 in
662 1546 751 1612 libris
778 1546 817 1612 de
843 1549 900 1614 vir.
930 1548 974 1612 ill.
1007 1547 1147 1635 scriptis,
1182 1570 1260 1634 quos
1292 1559 1416 1635 praeter

194 1651 423 1736 Hieronymum
448 1649 532 1714 solus
556 1647 766 1731 Suetonius³)
804 1660 898 1734 atque
923 1650 950 1713 is
982 1649 1016 1713 in
1039 1649 1111 1714 vitis
1132 1659 1310 1735 poetarum,
1344 1649 1414 1714 dico

195 1751 375 1816 Terentium
390 1761 421 1815 et
431 1749 599 1830 Lucilium,
614 1761 848 1831 commemorat,
863 1751 923 1814 nisi
938 1751 1076 1815 virorum
1087 1751 1120 1813 in
1133 1750 1232 1816 literis
1247 1752 1416 1817 illustrium

195 1853 276 1918 vitas
308 1853 410 1917 nullas
439 1852 515 1916 mihi
548 1851 676 1938 quidem
708 1850 834 1916 videtur
866 1853 1090 1940 composuisse,
1125 1854 1309 1940 praesertim
1343 1876 1415 1918 cum

196 1965 299 2020 cetera
326 1952 461 2020 Santrae
488 1954 605 2040 scripta
630 1964 754 2042 praeter
780 1955 915 2039 Nuptias
938 1953 1110 2037 Bacchi4),
1152 1977 1233 2040 quae
1260 1955 1414 2036 dicuntur,

194 2057 226 2120 in
250 2057 324 2122 solis
346 2057 440 2122 rebus
463 2057 677 2142 grammaticis
699 2057 750 2122 vel
772 2055 918 2120 literariis
941 2064 1066 2120 versata
1087 2064 1213 2122 essent

281 2159 359 2223 Tum
382 2159 420 2224 de
434 2160 579 2244 Nepote
602 2181 696 2246 supra
719 2157 855 2222 diximus
871 2157 1215 2244 demonstravimusque
1234 2167 1300 2222 tam
1315 2157 1416 2222 multa

194 2264 228 2326 in
243 2261 324 2326 libro
339 2270 446 2326 nostro
462 2259 607 2340 inveniri,
628 2283 708 2346 quae
724 2260 764 2324 ab
779 2282 816 2324 eo
833 2282 961 2346 prorsus
978 2258 1190 2340 abhorrerent,
1214 2269 1251 2323 ut
1260 2259 1416 2346 Nepotem

194 2362 396 2450 praecipuum
412 2361 521 2426 Nostri
544 2361 656 2426 ducem
678 2361 775 2426 fuisse
796 2361 977 2446 negandum
1000 2372 1094 2448 atque
1109 2361 1307 2426 infitiandum
1330 2361 1378 2427 sit.

280 2464 425 2550 Denique
441 2462 663 2533 Suetonium
684 2463 823 2528 virorum
843 2464 970 2548 ingenio
993 2463 1095 2529 solum
1115 2464 1283 2528 illustrium
1305 2463 1414 2529 laudes

197 2566 413 2648 celebravisse,
436 2589 548 2651 regum
570 2575 602 2629 ot
616 2565 731 2630 ducum
747 2566 929 2631 memoriam
948 2565 1086 2631 inlibris
1102 2564 1141 2630 de
1157 2565 1212 2630 vir.
1228 2565 1272 2630 ill.
1289 2565 1414 2652 scriptis

194 2685 265 2736 non'
280 2669 421 2753 attigisse
443 2666 761 2750 Reifferscheidius5)
789 2665 893 2748 docet,
920 2689 1017 2753 quare
1045 2691 1085 2732 ne
1107 2665 1259 2732 Suetonio
1287 2667 1417 2755 quidem

196 2974 370 3028 Ritsohelium
397 2975 501 3044 Parerg.
529 2975 613 3029 Plaut.
633 2975 645 3026 1
664 2992 688 3043 p.
706 2979 754 3028 621
784 2979 810 3027 et
838 2975 879 3028 die
905 2974 1118 3029 Schriltstellerei
1144 2976 1191 3029 des
1217 2977 1251 3031 11.
1275 2978 1414 3032 Terentius

196 3061 288 3124 Varro,
305 3061 382 3114 Bonn
403 3066 469 3116 1847
487 3078 512 3130 p.
526 3065 566 3114 35.

267 3149 291 3210 1)
309 3145 358 3198 cfr.
379 3144 536 3199 Oreuzerum
555 3143 704 3199 Zeitschrilt
721 3145 740 3198 s.
759 3147 953 3202 Alterthuursra
973 3149 993 3213 l,
1012 3164 1036 3216 p.
1052 3151 1131 3214 1060,
1149 3146 1196 3204 Oh.
1213 3149 1255 3204 Fr.
1274 3147 1415 3203 Baehrium

196 3230 256 3283 hist.
269 3231 318 3282 litt.
334 3231 358 3282 ll
377 3248 400 3298 p.
415 3237 456 3297 33,
474 3231 515 3286 Fr.
529 3231 703 3284 Ritsehelium
717 3231 823 3296 Quaest.
837 3233 1015 3286 varronianae
1029 3236 1054 3286 in
1069 3233 1126 3288 lud.
1145 3233 1230 3290 Schol.
1244 3235 1328 3290 Bonn.
1349 3241 1414 3290 1835

196 3333 221 3384 p.
239 3320 266 3367 13
289 3321 316 3368 et
334 3316 382 3368 Die
401 3316 612 3371 Schriltstellerei
631 3321 679 3370 cet.
699 3334 725 3387 p.
738 3322 783 3382 ³3,
807 3319 838 3374 G.
858 3319 1019 3372 Boissierum
1037 3299 1123 3373 litude
1146 3338 1192 3374 sur
1214 3322 1239 3374 la
1263 3325 1305 3377 vie
1329 3329 1355 3376 et
1378 3325 1415 3378 les

196 3418 324 3470 ouvrages
343 3403 375 3455 de
394 3403 426 3456 ld.
445 3403 584 3456 Terentius
603 3403 715 3468 Varrou,
732 3403 806 3456 Paris
827 3409 890 3457 1861
912 3420 937 3473 p.
950 3408 1000 3458 341
1018 3423 1038 3459 s.
1058 3405 1076 3459 f.
1148 3419 1150 3424 ’

264 3488 289 3555 2)
308 3505 338 3552 „a
356 3488 409 3541 luci
427 3489 630 3541 communione“
649 3487 727 3541 habet
746 3489 800 3541 eod.
820 3490 910 3558 Brun,
930 3508 960 3556 ,a
972 3489 1068 3542 Luciou
1092 3491 1150 3544 cod.
1170 3492 1416 3547 Laurentianus

194 3575 229 3642 (v.
248 3573 415 3626 *Bandiuium
444 3574 527 3626 Catal.
555 3573 629 3628 codd.
661 3575 707 3626 lat.
735 3574 760 3626 ll
786 3589 812 3642 p.
841 3580 913 3641 241),
954 3577 998 3646 qui
1030 3577 1178 3645 nuperrime
1208 3579 1321 3633 collatus
1351 3580 1416 3632 mihi

197 3665 301 3726 praesto
327 3664 376 3713 est.
414 3677 445 3723 „a
478 3659 626 3713 Luctiuone
657 3662 858 3714 communione“
891 3662 948 3715 cod.
976 3662 1156 3716 Vaticanus
1187 3663 1223 3728 (v.
1255 3664 1415 3718 Urlichsium

196 3747 248 3798 Eos
271 3745 386 3798 llisoc
413 3761 437 3812 p.
457 3749 525 3809 231).
561 3745 632 3798 burm
658 3761 762 3816 quoque
789 3746 904 3800 codicem
932 3748 963 3800 ad
990 3745 1039 3800 hoc
1065 3751 1171 3816 tempus
1199 3750 1226 3802 in
1255 3767 1334 3803 usum
1363 3755 1414 3804 no'n

196 3836 319 3884 vocatum
348 3832 381 3883 A.
402 3830 492 3896 fluuii,
517 3832 566 3883 viri
594 3833 750 3900 doctissimi,
775 3834 939 3902 benignitate
968 3835 1094 3886 collatum
1120 3833 1211 3888 habeo.
1248 3841 1328 3905 atque
1354 3852 1415 3890 cunr

197 3932 251 3968 non
268 3916 344 3983 pauci
368 3915 413 3967 alii
440 3915 541 3968 codices
569 3915 604 3985 [v.
618 3916 801 3970 Sehroeterum
821 3917 853 3969 ad
872 3917 897 3972 h.
911 3919 940 3984 ll
959 3921 1071 3972 eandem
1099 3919 1241 3974 exhibeant
1266 3921 1416 3990 lectionem,

196 4003 286 4066 procul
307 4000 388 4052 dubio
405 4001 574 4055 scribendum
593 4007 645 4056 est:
666 4021 696 4068 „a
715 4004 767 4056 luci
788 4005 1001 4058 communiorre“.

265 4087 291 4153 3)
309 4087 361 4142 Otr.
380 4086 619 4141 Reifferscheidium
639 4088 668 4143 G.
686 4089 806 4142 Suetonii
824 4090 971 4158 Tranquilli
990 4131 996 4144 .
1015 4131 1021 4144 .
1041 4133 1047 4146 .
1066 4092 1203 4161 reliquiae,
1224 4091 1328 4159 Lipsiae
1349 4098 1415 4147 1860

197 4190 221 4242 p.
235 4177 277 4237 31,
297 4179 328 4226 10
347 4175 373 4224 et
393 4178 450 4233 112,
470 4179 494 4229 8.

264 4263 290 4323 4)
309 4275 332 4309 v.
353 4257 493 4311 Baehrium
511 4261 538 4312 in
557 4259 653 4328 Paulyi
671 4260 839 4328 Realeneycl.
858 4261 905 4326 Vl,
925 4279 948 4331 p.
967 4267 1028 4324 745,
1049 4263 1219 4316 Ribbeelium
1242 4264 1414 4332 Tragicorum

196 4345 288 4414 fragm.
307 4359 333 4412 p.
346 4350 405 4397 228.

266 4436 292 4496 5)
309 4431 430 4484 Suetonii
448 4470 454 4483 .
474 4470 481 4485 .
500 4469 507 4483 .
524 4430 649 4501 reliquiae
668 4447 692 4499 p.
707 4435 851 4487 367-368.
