3218 5174
744 463 784 528 35

659 552 862 560 ———

150 665 361 750 repetivisset.
411 665 492 728 hanc
514 675 618 730 autern
645 677 760 732 tantam
791 668 1023 732 consensionem
1047 678 1230 755 tantamque
1252 671 1375 756 conspi-

155 767 309 831 rationem
333 767 491 831 fortuitam
517 791 586 834 esse
608 793 699 833 nemo
722 770 854 854 putabit.
900 778 933 833 at
960 780 990 834 et
1011 771 1128 836 Noster
1153 780 1185 835 et
1205 771 1375 856 Ampelius

154 866 244 930 Flori
278 869 438 954 epitomen
470 870 700 955 expilaverunt!
736 881 769 935 at
797 871 824 936 si
846 870 1014 956 Ampelius
1042 882 1150 959 suopte
1172 873 1276 938 Marte
1301 873 1374 938 Flo·

153 992 224 1032 rum
247 967 452 1052 adhibuisset,
478 971 532 1057 qui
553 973 623 1037 fieri
644 973 755 1059 potuit,
779 982 814 1036 ut
835 973 903 1058 ipsa
923 996 960 1038 ea
973 973 1132 1054 Floriana,
1155 998 1235 1061 quae
1250 975 1374 1042 Noster,

153 1080 248 1156 atque
274 1072 352 1158 ipsis
379 1073 424 1136 eis
449 1073 542 1154 lociS,
577 1074 631 1136 ubi
656 1075 785 1154 Noster,
819 1076 976 1138 communi
1003 1075 1049 1139 illi
1071 1077 1192 1140 auctori
1214 1076 1373 1141 adiceret?

152 1181 185 1235 at
208 1195 247 1235 ex
271 1172 383 1238 eodem
406 1174 492 1238 fonte
516 1188 546 1239 et
568 1174 681 1240 Florus
704 1187 735 1240 et
756 1177 870 1241 Noster
893 1187 924 1240 et
945 1176 1114 1262 Ampelius
1136 1200 1193 1242 sua
1216 1177 1373 1242 derivant!

152 1283 184 1335 et
205 1273 237 1335 in
265 1273 326 1338 hac
358 1275 481 1360 quidem
512 1280 695 1362 quaestione
722 1301 809 1341 arma
836 1277 1036 1364 deponerem,
1070 1279 1132 1342 nisi
1160 1279 1253 1342 certis
1280 1301 1374 1362 argu·

152 1377 266 1439 mentis
288 1399 382 1463 supra
405 1377 636 1444 demonstrasse
659 1380 735 1444 mihi
750 1378 873 1444 viderer
892 1380 1044 1464 permulta
1058 1380 1113 1443 illa
1127 1380 1215 1445 Flori
1229 1381 1371 1465 vestigia,

153 1499 235 1562 quae
256 1478 338 1564 apud
362 1488 523 1543 auctorem
547 1479 585 1545 de
607 1482 684 1546 viris
706 1482 749 1544 iII.
775 1490 907 1561 exstant,
934 1505 998 1546 non
1020 1481 1060 1546 ad
1084 1504 1281 1546 communem
1302 1481 1373 1545 fon·

152 1587 228 1659 tem,
262 1579 316 1644 sed
343 1582 383 1646 ad
411 1582 538 1647 Florum
567 1585 669 1670 ipsum
700 1582 864 1648 referenda
894 1605 972 1650 esse.
1017 1607 1097 1670 quae
1125 1607 1197 1648 cum
1226 1584 1271 1647 ita
1299 1584 1371 1664 sint,

151 1679 239 1743 nulla
266 1682 329 1746 alia
361 1685 455 1749 nobis
487 1685 597 1750 relicta
629 1695 676 1749 est
707 1685 767 1762 via,
800 1685 862 1748 nisi
895 1693 930 1748 ut
961 1709 1062 1772 neque
1088 1687 1239 1750 Nostrum
1271 1707 1372 1770 neque

150 1780 344 1868 Ampelium,
367 1786 462 1849 immo
485 1787 589 1871 ipsum
611 1787 697 1850 illum
721 1795 889 1865 auctorem,
914 1787 964 1850 oui
986 1809 1045 1851 sua
1076 1796 1206 1872 uterque
1233 1785 1371 1867 deberet,

150 1881 245 1947 Floro
267 1908 359 1950 usum
381 1909 449 1951 esse
472 1897 655 1951 statuamus.
699 1909 872 1974 permagna
894 1898 999 1951 autem
1018 1886 1111 1952 laude
1133 1897 1165 1952 et
1187 1889 1371 1952 auctoritate

149 2007 219 2048 eum
244 1985 386 2052 floruisse
409 1996 503 2074 atque
525 1989 565 2052 ab
589 1989 734 2054 omnibus
755 1987 820 2053 fere
839 1989 1067 2074 posterioribus
1084 1989 1287 2075 scriptoribus
1303 2011 1371 2054 sae-

150 2088 280 2173 pissime
301 2091 335 2152 in
356 2100 479 2176 partem
502 2099 646 2155 vocatum
675 2113 744 2155 esse
772 2090 848 2154 satis
878 2113 1032 2176 superque
1061 2089 1231 2172 constat1).
1273 2113 1370 2176 quare

148 2189 235 2252 nulla
261 2190 337 2254 mihi
359 2191 482 2257 videtur
505 2215 610 2256 carere
633 2192 853 2278 probabilitate
876 2191 973 2256 fuisse
996 2191 1177 2277 aliquem2),
1208 2193 1262 2278 qui
1283 2192 1370 2256 Flori

150 2290 315 2377 splendore
338 2303 431 2379 atque
460 2293 667 2358 admiratione
690 2303 875 2359 occaecatus
898 2293 1020 2380 Hygini
1048 2292 1087 2357 de
1113 2293 1172 2360 vir.
1199 2295 1244 2358 ill.
1270 2294 1369 2359 libros

148 2393 193 2457 ita
204 2403 395 2474 retractaret,
413 2406 448 2458 ut
463 2418 517 2460 eos
532 2397 582 2460 vel
598 2396 760 2481 permultis
781 2396 876 2460 rebus
888 2419 927 2459 ex
938 2393 1033 2458 Floro
1046 2395 1152 2459 ascitis
1164 2395 1370 2482 amplificaret

147 2494 199 2558 vel
220 2495 359 2560 flosculis
373 2496 530 2561 Florianis
554 2497 759 2581 distingueret
778 2509 872 2583 atque
886 2496 1065 2561 illustraret.
1102 2498 1153 2562 cui
1168 2498 1368 2562 coniecturae

148 2595 208 2661 hoo
236 2597 360 2680 quidem
388 2598 516 2663 minime
547 2601 661 2680 obstat,
690 2598 773 2686 quod
796 2599 907 2662 incerti
935 2596 1018 2661 illius
1041 2599 1178 2662 auctorIs
1200 2597 1280 2662 liber
1302 2599 1367 2696 iam

147 2721 211 2762 non
237 2709 352 2780 exstat,
382 2723 454 2764 cum
481 2723 544 2764 non
565 2723 668 2786 pauca
694 2699 770 2764 talia
798 2699 943 2784 opera3),
970 2697 1054 2762 unde
1082 2698 1164 2780 libri,
1193 2700 1247 2785 qui
1275 2700 1366 2765 nobis

149 2799 359 2886 suppeditant,
383 2804 510 2868 duxisse
526 2800 656 2890 putandi
672 2787 753 2882 sunt,
773 2823 900 2888 prorsus
915 2800 1112 2864 intercidisse
1127 2822 1219 2864 nemo
1234 2799 1365 2884 ignoret.

148 2901 379 2988 Hieronymum
409 2913 515 2971 autem
540 2903 570 2966 in
600 2902 820 2967 enumerandis
849 2901 887 2966 de
915 2901 971 2966 vir.
994 2901 1037 2965 iII.
1065 2901 1153 2966 libris
1180 2901 1264 2965 hunc
1291 2902 1366 2966 reti·

149 3004 250 3068 cuisse
273 3006 401 3086 conicio,
425 3005 498 3092 quia
513 3004 689 3092 Hyginiani
713 3005 815 3090 operis
831 3003 983 3088 originem
999 3011 1030 3066 et
1045 3001 1280 3067 similitudinem
1299 3011 1366 3067 tam

148 3115 255 3190 aperte
277 3129 354 3192 prae
378 3129 411 3171 se
433 3107 538 3188 ferret,
561 3119 595 3171 ut
616 3107 715 3194 ipsius
737 3105 861 3192 Hygini
881 3105 961 3168 liber
984 3102 1143 3168 videretur
1165 3126 1244 3170 esse.

230 3206 352 3291 Itaque,
377 3216 411 3272 ut
432 3208 551 3288 redeat,
574 3208 656 3274 unde
682 3207 818 3288 deflexit,
847 3207 955 3287 oratio,
983 3228 1045 3269 non
1072 3206 1175 3292 ipsum
1201 3205 1363 3290 Hyginum

148 3310 264 3374 Noster
293 3309 444 3391 adhibuit,
480 3311 533 3376 sed
562 3311 698 3376 auctoris
723 3331 810 3396 opus,
845 3308 900 3394 qui
921 3307 992 3372 illos
1014 3305 1134 3391 Hygini
1163 3307 1202 3372 de
1232 3307 1291 3372 vir.
1318 3307 1363 3372 iII.

147 3411 245 3475 libros
271 3410 357 3475 Flori
380 3413 515 3499 epitome
537 3413 655 3500 passim
677 3435 752 3477 usus
768 3411 957 3487 retractavit,
982 3417 1075 3494 atque
1096 3408 1171 3473 inde
1197 3410 1363 3495 Ampelius
1417 3478 1420 3486 ,

148 3536 272 3599 quoque
298 3537 334 3578 ea
357 3514 539 3601 desumpsit,
568 3537 648 3600 quae
676 3513 715 3578 de
737 3514 952 3577 Romanorum
973 3511 1099 3596 regibus
1123 3510 1263 3589 ducibus,
1288 3511 1363 3576 viris

147 3614 279 3679 fortibus
301 3614 445 3681 hostibus
467 3617 565 3680 relata
586 3615 671 3702 apud
693 3638 765 3679 eum
786 3613 929 3698 legimus.

217 3843 240 3895 1)
259 3836 310 3892 on.
329 3835 446 3890 Jahnum
465 3837 492 3889 in
512 3837 592 3904 praef.
612 3853 636 3905 p.
649 3835 763 3888 XLVIII
782 3851 838 3904 sqq.
1387 3907 1390 3915 Ι

215 3925 240 3986 2)
254 3921 319 3974 Cum
338 3923 475 3990 Ampelius
498 3923 655 3991 imperatore
670 3921 784 3974 Antonio
797 3919 844 3972 Pio
863 3919 958 3971 librum
978 3919 1154 3971 memorialem
1173 3921 1363 3987 composuerit,

147 4007 237 4060 Florus
256 4011 344 4060 autem
367 4007 492 4061 Hadriani
515 4008 674 4075 temporibus
692 4007 810 4059 floruerit
830 4007 865 4070 [y.
888 4005 1004 4057 Jahnum
1024 4005 1051 4056 in
1070 4005 1150 4072 praef.
1169 4004 1241 4070 XLJ,
1262 4010 1361 4070 auctor,

146 4110 222 4161 quem
241 4093 436 4156 substituimus,
454 4092 525 4145 Flori
544 4095 659 4162 aequalis
678 4093 756 4144 luerit
775 4107 881 4142 necessa
901 4095 948 4142 est.

215 4183 240 4242 3)
259 4196 283 4234 v.
302 4177 476 4232 Niebuhrium
494 4177 580 4232 Schol.
599 4180 638 4232 ed.
658 4179 729 4231 IsIer.
748 4178 766 4238 I,
786 4195 811 4246 p.
826 4182 870 4240 58,
894 4178 1099 4238 Mommsenum,
1118 4177 1165 4228 Die
1185 4176 1295 4238 erelleu
1315 4177 1360 4228 des

146 4267 321 4332 Hieronymus
340 4285 365 4335 p.
379 4269 436 4327 684,
457 4265 503 4319 Die
523 4265 636 4318 Chronilr
654 4267 700 4318 des
718 4264 888 4318 Cassiodorus
907 4265 1019 4317 Senator
1035 4280 1060 4331 p.
1074 4267 1132 4326 552,
1154 4264 1180 4316 in
1200 4265 1360 4331 praefatione

146 4353 206 4407 odit.
225 4353 305 4410 Solia.
324 4353 438 4422 praefixa
456 4370 481 4424 p.
495 4353 572 4404 XXV
592 4355 641 4404 cet.

1124 4433 1155 4491 3*
