3258 5186
773 483 810 544 71

689 572 892 580 ——-—-

269 682 394 764 Quibus
417 685 705 772 comparatisquin
726 685 858 752 eundem
881 693 1042 751 auctorem
1065 684 1199 751 Ovidius
1222 695 1253 751 et
1273 685 1400 752 Plutar-

185 783 262 849 chus
284 807 392 872 presso
414 785 494 871 pede
517 796 694 873 sequantur,
718 786 846 853 dubium
870 809 940 852 esse
961 787 1079 874 nequit.
1114 785 1201 873 quod
1221 810 1291 853 cum
1307 812 1400 875 prae-

184 887 312 972 cipuum
335 898 367 952 et
389 886 496 951 Ovidii
518 889 551 952 in
571 886 662 953 fastis
686 898 717 953 et
737 888 899 954 Plutarchi
920 889 954 953 in
978 887 1049 953 vitis
1074 887 1199 953 Romuli
1222 899 1254 955 et
1275 890 1399 957 Numae

185 986 398 1053 describendis
426 987 546 1053 fontem
575 988 746 1056 Varronem
774 1015 843 1057 esse
870 1001 954 1056 certe
980 1012 1073 1054 nemo
1100 999 1203 1072 neget,
1238 1015 1286 1074 ea,
1320 1015 1400 1078 quae

184 1101 249 1154 tarn
271 1089 363 1176 plane
386 1092 615 1157 consentientes
638 1104 796 1176 enarrant,
820 1091 977 1157 communi
997 1091 1044 1155 illi
1066 1093 1186 1156 auctori
1207 1117 1272 1159 non
1286 1093 1400 1160 debere

184 1215 248 1256 non
270 1193 446 1279 possunt1)
468 1193 605 1279 itemque
628 1218 674 1276 ea,
698 1217 780 1281 quae
792 1195 909 1259 Noster
931 1191 1034 1273 tradit,
1058 1215 1075 1256 e
1098 1191 1241 1259 Varrone
1262 1194 1400 1281 pendere

185 1294 285 1380 primo
318 1294 476 1358 oculorum
515 1297 627 1361 obtutu
663 1297 796 1365 videbis.
852 1295 969 1361 etenim
1000 1293 1171 1360 Romulum
1209 1295 1398 1377 ,lustrasse“

150 1473 153 1478 ,
186 1404 218 1460 et
238 1394 427 1461 Plutarchus
454 1397 497 1479 [v.
519 1397 644 1462 Numae
665 1397 700 1462 ΙΙ
727 1393 854 1461 θυσίαν
881 1396 1049 1481 δημοτελῆ
1064 1448 1072 1464 .
1088 1447 1096 1464 .
1112 1391 1207 1480 ἔθυε]
1234 1408 1266 1462 et
1288 1398 1403 1466 Noster

186 1498 341 1578 scribunt3
374 1497 544 1564 seditiones
571 1500 654 1565 inter
680 1511 784 1589 patres
818 1508 850 1566 et
881 1500 1003 1588 plebem
1038 1509 1122 1564 ortas
1157 1521 1226 1564 esse
1255 1498 1400 1582 Ovidius,

185 1598 382 1681 Plutarchus
406 1602 521 1666 Noster
541 1611 685 1685 narrant3
712 1602 885 1669 Proculum
905 1603 1006 1668 virum
1029 1600 1165 1666 nobilem
1187 1599 1286 1666 fuisse
1308 1613 1402 1689 atque

184 1702 305 1766 iurasse
332 1701 520 1769 Plutarchus
547 1713 578 1769 et
605 1705 737 1787 Noster;
770 1704 939 1769 Romulum
966 1704 1146 1788 augustiore
1172 1702 1272 1768 forma
1298 1705 1402 1771 visum

186 1826 254 1869 esse
276 1804 404 1891 eiusque
427 1804 576 1869 vaticinia
598 1817 629 1870 et
654 1815 822 1894 praecepta
845 1805 1023 1889 Ovidius‚²)
1049 1804 1249 1888 Plutarchus,
1276 1806 1401 1888 Noster,

184 1905 312 1970 Proculi
334 1907 513 1971 auctoritati
535 1907 687 1974 creditum
712 1930 780 1972 esse
802 1918 834 1972 et
853 1906 1040 1972 Plutarchus
1064 1916 1095 1972 et
1116 1907 1243 1988 Noster,
1267 1907 1403 1996 denique

186 2006 296 2072 aedem
322 2008 355 2071 in
384 2007 541 2089 Quirinali
567 2010 645 2075 colle
668 2009 802 2075 Romulo
831 2011 1030 2074 constitutam
1059 2030 1128 2074 csse
1157 2017 1189 2074 et
1212 2008 1345 2076 Ovidius
1372 2020 1403 2077 et

185 2109 302 2174 Noster
324 2109 460 2176 tradunt.
484 2149 523 2158 -
548 2149 587 2158 -

270 2211 394 2277 Deinde
415 2212 493 2277 illud
517 2212 556 2278 de
578 2213 747 2279 salinarum
769 2213 917 2298 vectigali
938 2214 977 2278 ab
1000 2212 1093 2278 Anco
1117 2211 1238 2277 Marcio
1260 2212 1402 2278 instituto

188 2313 227 2398 [c.
251 2311 291 2394 V,
314 2313 347 2397 3]
370 2313 507 2378 Varroni
536 2314 769 2380 attribuendum
799 2337 868 2380 esse
893 2314 973 2380 mihi
998 2313 1132 2379 videtur.
1177 2336 1252 2377 nam
1278 2325 1403 2399 praeter

184 2415 335 2480 Nostrum
359 2415 480 2498 solus³)
501 2415 622 2481 Plinius
644 2416 726 2483 hanc
748 2440 813 2482 rem
837 2415 978 2500 [XXXL
1003 2418 1032 2496 7,
1056 2416 1110 2497 89]
1137 2416 1308 2481 memoriae
1329 2440 1402 2504 pro-

186 2515 241 2595 dit,
265 2539 337 2582 cum
359 2525 464 2582 autem
486 2517 538 2582 hic
552 2517 697 2600 Varroni,
721 2541 814 2605 quem
835 2517 903 2605 ipse
927 2519 1048 2603 citat,⁴)
1072 2541 1129 2583 sua
1144 2517 1264 2601 debeat,
1288 2519 1403 2584 mirum

185 2617 218 2680 ni
241 2617 279 2682 de
302 2630 427 2685 auctore
449 2631 555 2684 nostro
576 2620 662 2685 idem
685 2619 875 2686 censendum
899 2621 948 2685 sit.

271 2718 415 2806 Itemque
438 2745 455 2787 e
476 2721 620 2787 Varrone
648 2722 745 2810 petita
771 2720 850 2786 mihi
876 2721 1005 2809 quidem
1034 2722 1204 2788 verisimile
1231 2731 1288 2802 est,
1322 2745 1402 2809 quae

187 2819 226 2884 de
261 2831 426 2908 praetexta
462 2823 611 2909 bullaque
649 2822 811 2909 Tarquinii
852 2824 916 2888 filio
959 2823 1074 2888 donata
1110 2824 1225 2888 Noster
1266 2825 1401 2911 exponit.

186 2924 303 2987 etenim
325 2924 364 2988 ad
387 2927 516 2991 verbum
538 2925 606 2990 fere
628 2949 699 2990 cum
720 2925 884 2990 Macrobio
907 2927 1071 3007 consentit,
1100 2925 1153 3011 qui
1178 2924 1257 2990 haec
1279 2925 1402 2991 scribit:

199 3114 328 3172 Macrob.
351 3113 410 3172 Sat.
431 3114 454 3186 Ι,
477 3115 504 3188 6,
525 3115 543 3173 8
563 3134 592 3191 p.
607 3113 644 3172 24
666 3113 748 3192 Eyss.
927 3122 999 3171 auct.
1020 3114 1056 3171 da
1077 3112 1129 3172 vir.
1152 3112 1194 3171 ill.
1216 3111 1267 3185 VI,
1288 3113 1306 3170 9

226 3225 399 3302 Tarquinius
446 3225 631 3285 Demarati
676 3224 769 3282 exulis
858 3225 892 3284 L.
914 3223 1095 3302 Tarquinius
1115 3224 1235 3283 Priscus
1252 3225 1405 3284 Demarati

189 3318 372 3378 Corinthii
402 3320 503 3378 filius
529 3319 652 3393 Priscus,
682 3339 769 3396 quem
822 3319 965 3378 Corinthii
990 3319 1284 3380 filius..Lucumo
1308 3319 1404 3378 dictus

259 3605 477 3670 altumaltum,
500 3610 543 3676 qui
569 3607 608 3671 [in
631 3605 739 3673 praelat.
762 3621 786 3673 p.
800 3603 939 3674 LXXXll]
965 3621 997 3657 ex
1020 3603 1100 3656 Ennii
1121 3603 1261 3657 annalibus
1281 3602 1406 3656 Ovidium

188 3689 1371 3761 smdwmmmmemmm,mmhbmummmomNmmcmmmmmpt

258 3782 283 3844 2)
302 3779 456 3832 Schcnhlius
484 3777 646 3845 [Zeitschrist
674 3776 715 3829 i'rir
742 3777 783 3828 dic
810 3781 917 3829 oesterr.
946 3774 1109 3842 Gymnasian
1133 3774 1181 3839 ΙΙΙ,
1210 3779 1277 3828 1860
1300 3790 1324 3842 p.
1343 3775 1405 3840 403]

191 3866 268 3920 verba
285 3883 310 3919 r.
329 3870 379 3918 508
397 3868 450 3928 (,et
469 3867 566 3931 patrias
584 3869 654 3916 artes
672 3864 845 3931 militiamque
869 3860 984 3925 colant“)
1009 3859 1115 3912 oLirio
1134 3860 1154 3924 1,
1176 3864 1214 3923 16,
1234 3865 1248 3911 7
1271 3860 1407 3927 (,proindc

190 3968 243 4004 rem
262 3952 404 4004 militarem
427 3951 544 4015 colant“)
568 3949 690 4002 Ovidium
715 3949 906 4017 deprompsisse
930 3947 1031 4000 statuit.
1068 3962 1160 4000 rerum
1184 3946 1247 3998 haec
1269 3945 1407 3999 verborum

190 4039 326 4090 consensio
345 4037 452 4090 fortuita
471 4035 534 4088 mihi
553 4035 657 4088 ridetur
675 4049 741 4100 esse,
762 4038 824 4087 utut
842 4040 929 4087 autem
943 4038 991 4096 cat,
1009 4036 1099 4086 nostra
1111 4032 1262 4085 coniectura
1273 4030 1408 4085 Schenhlii

191 4121 286 4176 iudicio
305 4124 414 4176 minime
432 4123 605 4190 improbatur.

260 4210 285 4276 3)
302 4209 393 4263 Livius
414 4208 444 4277 [1,
464 4214 506 4271 33,
526 4207 552 4276 9]
572 4207 662 4260 scribit
680 4212 799 4260 tautum:
829 4207 943 4271 „salinae
962 4207 1030 4258 circa
1047 4206 1157 4260 factac“.

258 4299 284 4361 4)
304 4297 412 4361 „Ancus
431 4295 541 4348 Marcius
560 4311 606 4348 rex
625 4293 687 4346 salis
707 4294 807 4346 modios
826 4309 872 4345 sex
891 4293 963 4345 millo
981 4293 1009 4345 in
1028 4289 1161 4359 congiario
1180 4287 1253 4342 dedit
1270 4288 1409 4358 populosi

190 4381 290 4434 salinas
312 4382 414 4449 primus
433 4380 559 4434 instituit.
596 4379 697 4432 Varro
717 4380 813 4432 etiarn
832 4377 1035 4446 pulmentari
1053 4380 1117 4431 cct.“
1145 4375 1180 4442 (r.
1203 4366 1409 4443 ldarquardtium

190 4468 326 4524 euchiridii
344 4473 364 4523 t.
382 4468 416 4534 Il,
434 4484 460 4538 p.
475 4473 523 4523 155
544 4482 569 4520 n.
588 4470 620 4531 6).
