3218 5174
820 465 861 530 48

233 688 304 728 vero
336 669 461 745 expositi
495 669 532 728 ad
563 669 688 726 ricinmn
720 668 816 744 ripam
868 685 992 744 pressa
1012 667 1155 726 Remum
1181 673 1217 724 et
1241 667 1481 746 Romulum¹)

231 764 320 822 delati
341 774 417 833 sunt,
449 763 492 822 ad
523 779 612 838 quos
632 764 817 841 vagientes
867 761 967 820 edidit.
1009 761 1147 820 Amulius
1258 762 1404 837 parvulos
1446 763 1481 820 in

233 858 304 936 lupa
323 859 359 918 de
380 857 481 917 vicinis
502 857 650 916 montibus
680 859 761 917 veuit
789 869 818 917 et
868 855 999 915 Tiberim
1015 856 1130 931 abiecit,
1153 875 1225 932 quos
1240 874 1319 934 aqua
1333 858 1363 916 in
1385 858 1481 916 sicco

233 954 321 1010 ubera
340 953 492 1030 praestitit.
524 953 650 1011 sedcum
666 952 817 1012 Faustu·
868 950 993 1026 reliquit
1044 951 1084 1009 ad
1116 952 1278 1028 vagitum
1308 951 1381 1028 lupa
1420 973 1479 1010 ac-

233 1047 286 1106 lus
308 1059 431 1124 pastor
451 1048 512 1106 eius
536 1047 590 1106 loci
611 1067 661 1106 eos
682 1047 817 1106 animad-
869 1046 961 1104 currit
979 1065 1089 1122 eosque
1110 1045 1247 1104 uberibus
1280 1047 1342 1104 suis
1372 1049 1477 1106 aluit.

233 1143 368 1201 vertisset
457 1143 496 1202 ad
527 1145 653 1200 Accam
684 1141 816 1200 Laren—
868 1159 937 1197 mox
958 1139 1161 1199 Faustulus
1182 1148 1307 1217 pastor
1321 1141 1478 1202 collectos

232 1236 320 1296 tiam
341 1255 490 1295 uxorem
505 1283 510 1292 .
524 1281 552 1295 ..
577 1256 684 1314 pueros
705 1235 816 1310 detulit,
868 1236 985 1294 Accae
1005 1235 1203 1294 Larentiae
1224 1235 1366 1313 coniugi
1388 1239 1477 1296 edu-

233 1351 307 1408 quae
333 1341 483 1408 susceptos
514 1331 595 1391 aluit
636 1330 817 1406 hipostea
867 1331 1082 1390 candosdedit.
1123 1329 1476 1408 quiposteaAmu-

232 1446 331 1484 suum
361 1446 445 1485 suurn
475 1425 662 1484 Numitorem
697 1425 815 1484 occiso
867 1425 917 1482 lio
961 1425 1155 1483 interfecto
1200 1423 1351 1483 Numitori
1390 1446 1475 1484 avo

232 1522 379 1580 Amulio
399 1522 430 1580 in
453 1540 560 1596 regns
583 1527 813 1581 revocarunt...
866 1541 1006 1600 regnum
1027 1521 1235 1581 restituerunt.
1252 1565 1259 1579 .
1275 1565 1303 1582 ..

264 1667 344 1728 Serv.
368 1669 412 1730 ad.
437 1671 510 1730 Aen.
532 1668 581 1741 vl,
602 1668 778 1744 alonte?
919 1676 995 1729 auct.
1016 1669 1053 1728 de
1076 1669 1127 1727 uir.
1150 1668 1192 1726 ill.
1214 1668 1344 1740 XXXV,
1370 1672 1408 1730 10

271 1781 428 1860 [Pyrrhus]
458 1800 522 1839 curn
544 1781 640 1856 Argos
662 1780 817 1848 obsideret,
908 1782 1067 1860 [Pyrrhus]
1108 1781 1177 1840 dum
1214 1785 1307 1856 Argos
1345 1801 1471 1860 oppug-

232 1876 292 1933 ictu
313 1876 427 1952 tegulae
448 1875 541 1952 periit.
869 1889 961 1950 naret,
982 1878 1040 1936 ictu
1061 1877 1175 1955 tegulae
1196 1883 1360 1952 prostratus
1381 1883 1445 1936 est.

252 2021 333 2083 Serv.
355 2022 392 2080 ad
412 2023 476 2082 Aen
507 2021 590 2094 VIII,
611 2021 667 2080 646
689 2041 716 2096 p.
731 2020 787 2079 497
994 2035 1069 2082 auct.
1090 2025 1127 2082 de
1149 2023 1200 2080 vlr.
1221 2021 1263 2080 ill.
1286 2021 1334 2079 XI

271 2133 329 2194 Sed
349 2153 414 2193 cum
436 2154 494 2193 non
525 2133 720 2210 susciperetur
741 2131 817 2189 Tar·
908 2139 1060 2197 Porsenna
1080 2155 1132 2194 rex
1152 2135 1347 2192 Etruscorum
1368 2153 1468 2210 quum

234 2229 361 2306 quimus,
383 2228 506 2287 contulit
525 2248 556 2286 se
580 2229 619 2286 ad
639 2226 817 2285 Porsennam
871 2233 1050 2308 Tarquinios
1088 2231 1119 2288 in
1159 2231 1261 2288 urbem
1304 2230 1470 2289 restituere

235 2343 332 2400 regern
354 2323 487 2395 Tusciae,
512 2322 561 2396 qui
584 2341 637 2398 pro
659 2321 819 2397 Tarquinio
872 2335 997 2386 tentaret
1026 2333 1056 2385 st,
1085 2326 1179 2402 primo
1210 2325 1321 2400 impetu
1352 2323 1467 2381 Iani-

233 2437 297 2478 cum
311 2418 475 2494 ingentibus
489 2416 581 2491 copiis
594 2423 698 2493 capto
719 2416 819 2474 dani·
871 2423 986 2480 culum
1006 2420 1176 2496 cepisset,
1199 2419 1338 2478 Horatius
1352 2418 1467 2477 Cocles

233 2512 318 2571 culo
338 2522 366 2570 et
384 2513 446 2570 illic
458 2512 560 2570 castris
574 2510 679 2587 positis
693 2511 818 2569 Romam
956 2536 1009 2593 pro
1044 2527 1130 2593 ponte
1161 2513 1283 2573 sublicio
1314 2513 1397 2572 stetit
1432 2525 1467 2572 et

234 2607 419 2666 vehementer
439 2606 560 2665 obsedit·
601 2605 642 2663 El
672 2625 735 2663 oum
766 2626 820 2683 per
871 2612 964 2671 aciem
985 2611 1112 2670 hostium
1138 2610 1237 2668 solus
1265 2608 1464 2681 sustinuit,

234 2701 386 2760 sublicium
407 2710 523 2778 pontem
617 2701 740 2759 transire
767 2719 818 2757 co·
870 2708 982 2766 dones
1011 2725 1141 2784 ponsa
1170 2712 1272 2780 tergo
1302 2703 1464 2761 internum.

233 2804 353 2854 nsretur
373 2797 471 2854 solus
491 2795 596 2856 Cocles
617 2795 749 2854 hostilem
764 2795 818 2852 im·
870 2809 996 2879 peretur,
1017 2820 1082 2858 cnm
1103 2818 1161 2876 quo
1182 2799 1211 2856 in
1226 2797 1357 2855 Tiberim
1377 2797 1463 2854 deci-

234 2896 332 2967 petum
354 2891 532 2949 sustinuit
552 2890 662 2947 d01¹e0
681 2910 700 2948 a
719 2900 818 2966 tergo
870 2899 913 2956 dit
933 2906 961 2954 et
980 2901 1109 2954 armatus
1129 2894 1166 2954 ad
1190 2912 1257 2952 suos
1282 2893 1461 2951 transnavit.

232 3004 322 3063 pons
343 2985 502 3044 solveretur
522 3006 540 3043 a
561 2987 658 3059 sociis,
690 3007 746 3063 quo
774 3006 818 3046 so·

233 3079 294 3137 luto
315 3099 347 3138 se
365 3099 430 3137 cum
451 3081 540 3139 armis
561 3080 765 3159 praecipitavit
785 3081 815 3138 in

234 3173 362 3234 Tiberim
383 3185 431 3233 et.
448 3218 477 3236 ..
503 3176 566 3234 eius
597 3177 705 3235 fluenta
735 3195 819 3253 supe·

234 3271 319 3329 ravit.

337 3382 415 3444 Serv.
439 3384 523 3454 VIII,
544 3384 601 3444 646
622 3402 651 3460 p.
666 3382 721 3442 497
982 3387 1055 3439 auct.
1076 3379 1112 3436 de
1133 3377 1184 3437 vir.
1206 3377 1249 3436 ill.
1271 3375 1347 3436 XIII

273 3494 308 3551 Iu
331 3505 441 3552 tantam
463 3502 561 3554 autern
582 3493 740 3554 obsidionis
771 3513 820 3550 ne·
911 3493 1061 3552 Porsenna
1082 3488 1226 3550 Cloeliam
1251 3489 1376 3548 nobilem
1398 3490 1460 3546 vir-

235 3588 400 3646 cessitatem
446 3590 575 3666 populus
625 3595 744 3646 venerat
790 3597 820 3646 ut
871 3589 967 3664 ginern
986 3587 1062 3644 inter
1083 3586 1199 3646 obsides
1228 3585 1349 3660 accepit,
1381 3602 1460 3660 quae

235 3683 323 3740 etiam
344 3682 458 3740 obsides
473 3683 554 3741 daret
568 3705 604 3742 ex
618 3683 819 3760 quibusCloe-
871 3681 999 3758 deceptis
1031 3681 1202 3739 custodibus
1232 3685 1320 3736 noctu
1350 3678 1458 3736 castris

234 3778 276 3834 lla
296 3777 415 3834 inuenta
445 3778 596 3836 occasione
626 3777 820 3836 transnatavit
870 3777 932 3835 eius
954 3793 1079 3852 egressa,
1101 3793 1204 3850 equum
1226 3792 1312 3850 quern
1331 3773 1391 3830 fors
1406 3772 1458 3829 de-

234 3870 357 3930 fluvium
395 3876 425 3929 et
459 3869 582 3930 Romam
615 3892 733 3931 reversa
766 3880 818 3932 est.
870 3872 954 3930 derat
988 3869 1111 3944 arripuit
1157 3875 1186 3926 et
1224 3867 1356 3926 Tiberim
1395 3878 1457 3923 trs·

234 3965 451 4042 redditaque
471 3984 571 4025 rursus
592 3974 637 4027 est
656 3967 737 4044 pacIs
756 3967 819 4044 lege
870 3966 945 4024 iecit.
985 3982 1003 4020 a
1023 3963 1173 4022 Porsenna
1193 3981 1244 4038 per
1263 3962 1378 4039 legatos
1398 3980 1457 4018 re-

234 4080 299 4120 eam
339 4061 489 4120 Porsenna
526 4070 727 4137 repetente:
770 4061 818 4138 qui
870 4060 987 4136 petita
1019 4065 1050 4116 et
1081 4056 1229 4115 reddita.
1288 4056 1371 4113 cuius
1404 4053 1457 4111 ille

235 4156 438 4216 admiratus
488 4154 659 4213 virtutem
705 4154 819 4230 puellae
871 4149 1455 4224 virtutemsdmiratus,cumquI·

235 4250 335 4308 dedit
355 4250 386 4309 ei
407 4249 590 4326 optionem
617 4255 651 4307 ut
669 4268 734 4307 cum
755 4249 820 4326 qui·
870 4251 934 4308 bus
955 4256 1125 4325 optasset
1144 4248 1175 4305 in
1189 4246 1316 4323 patriam
1336 4245 1455 4304 redire

307 4383 331 4445 l)
351 4381 390 4433 lta
408 4350 513 4433 inverso
531 4379 623 4432 ordine
642 4377 760 4430 scribunt
783 4377 857 4431 codd.
876 4377 915 4440 L„
935 4381 1150 4448 Augustanus
1169 4376 1211 4440 (de
1230 4392 1281 4445 quo
1300 4375 1345 4428 clr.
1364 4373 1454 4426 Helm-

236 4463 362 4519 reicbium
380 4465 507 4536 Plrssolog.
525 4464 658 4528 XXXIX,
679 4468 754 4532 1879,
771 4479 797 4535 p.
813 4467 860 4519 161
873 4466 948 4534 sqq.),
969 4463 1013 4516 alii
1033 4461 1068 4532 [v.
1087 4461 1272 4517 Schroetsrunr
1290 4459 1366 4514 adh.
1385 4457 1425 4530 Ι.].
