<?xml version="1.0" encoding="UTF-8"?>
<!DOCTYPE html PUBLIC "-//W3C//DTD XHTML 1.0 Transitional//EN"
    "http://www.w3.org/TR/xhtml1/DTD/xhtml1-transitional.dtd">
<html xmlns="http://www.w3.org/1999/xhtml" xml:lang="en" lang="en">
 <head>
  <title>
</title>
<meta http-equiv="Content-Type" content="text/html;charset=utf-8" />
  <meta name='ocr-system' content='tesseract 3.04.00' />
  <meta name='ocr-capabilities' content='ocr_page ocr_carea ocr_par ocr_line ocrx_word'/>
</head>
<body>
  <div class='ocr_page' id='page_1' title='image "./delibroquiinscr00hildgoog_0043.png"; bbox 0 0 3218 5174; ppageno 0'>
   <div class='ocr_carea' id='block_1_1' title="bbox 818 387 858 452">
    <p class='ocr_par' dir='ltr' id='par_1_1' title="bbox 818 387 858 452">
     <span class='ocr_line' id='line_1_1' title="bbox 818 387 858 452; baseline -0.05 0"><span class='ocrx_word' id='word_1_1' title='bbox 818 387 858 452; x_wconf 88' lang='grc'>38</span> 
     </span>
    </p>
   </div>
   <div class='ocr_carea' id='block_1_2' title="bbox 737 475 940 484">
    <p class='ocr_par' dir='ltr' id='par_1_2' title="bbox 737 475 940 484">
     <span class='ocr_line' id='line_1_2' title="bbox 737 475 940 484; baseline 0 -2"><span class='ocrx_word' id='word_1_2' title='bbox 737 475 940 484; x_wconf 77' lang='lat'><em>———.</em></span> 
     </span>
    </p>
   </div>
   <div class='ocr_carea' id='block_1_3' title="bbox 226 591 1478 1141">
    <p class='ocr_par' dir='ltr' id='par_1_3' title="bbox 226 591 1478 950">
     <span class='ocr_line' id='line_1_3' title="bbox 226 591 1477 669; baseline -0.002 -19"><span class='ocrx_word' id='word_1_3' title='bbox 226 592 367 650; x_wconf 82' lang='lat' dir='ltr'>dionali</span> <span class='ocrx_word' id='word_1_4' title='bbox 387 591 519 667; x_wconf 91' lang='lat' dir='ltr'>(corona)</span> <span class='ocrx_word' id='word_1_5' title='bbox 544 591 579 649; x_wconf 93' lang='lat' dir='ltr'>in</span> <span class='ocrx_word' id='word_1_6' title='bbox 601 592 729 650; x_wconf 83' lang='lat' dir='ltr'>Africa</span> <span class='ocrx_word' id='word_1_7' title='bbox 748 593 810 650; x_wconf 87' lang='lat' dir='ltr'>Ma·</span> <span class='ocrx_word' id='word_1_8' title='bbox 861 601 996 669; x_wconf 85' lang='lat' dir='ltr'>peratore</span> <span class='ocrx_word' id='word_1_9' title='bbox 1026 593 1160 650; x_wconf 86' lang='lat' dir='ltr'>cohortes</span> <span class='ocrx_word' id='word_1_10' title='bbox 1192 592 1291 666; x_wconf 76' lang='lat' dir='ltr'>VIII1)</span> <span class='ocrx_word' id='word_1_11' title='bbox 1325 591 1477 650; x_wconf 88' lang='lat' dir='ltr'>consilio</span> 
     </span>
     <span class='ocr_line' id='line_1_4' title="bbox 226 684 1478 760; baseline -0.001 -17"><span class='ocrx_word' id='word_1_12' title='bbox 226 685 298 743; x_wconf 89' lang='lat' dir='ltr'>uilio</span> <span class='ocrx_word' id='word_1_13' title='bbox 328 685 444 744; x_wconf 87' lang='lat' dir='ltr'>consule</span> <span class='ocrx_word' id='word_1_14' title='bbox 464 684 509 744; x_wconf 91' lang='grc' dir='ltr'>ΙΙΙ</span> <span class='ocrx_word' id='word_1_15' title='bbox 540 687 708 745; x_wconf 83' lang='lat' dir='ltr'><strong>cohortibus</strong></span> <span class='ocrx_word' id='word_1_16' title='bbox 739 706 810 745; x_wconf 88' lang='lat' dir='ltr'>ser·</span> <span class='ocrx_word' id='word_1_17' title='bbox 862 696 891 743; x_wconf 87' lang='lat' dir='ltr'>ct</span> <span class='ocrx_word' id='word_1_18' title='bbox 933 687 1039 743; x_wconf 84' lang='lat' dir='ltr'>virtute</span> <span class='ocrx_word' id='word_1_19' title='bbox 1082 685 1246 744; x_wconf 83' lang='lat' dir='ltr'>servavit</span> <span class='ocrx_word' id='word_1_20' title='bbox 1288 707 1306 744; x_wconf 86' lang='lat' dir='ltr'>a</span> <span class='ocrx_word' id='word_1_21' title='bbox 1345 687 1478 760; x_wconf 89' lang='lat' dir='ltr'>quibus</span> 
     </span>
     <span class='ocr_line' id='line_1_5' title="bbox 228 780 1475 855; baseline 0.001 -19"><span class='ocrx_word' id='word_1_22' title='bbox 228 781 322 839; x_wconf 87' lang='lat' dir='ltr'>vatis</span> <span class='ocrx_word' id='word_1_23' title='bbox 356 780 534 854; x_wconf 89' lang='lat' dir='ltr'>totidemque</span> <span class='ocrx_word' id='word_1_24' title='bbox 573 782 611 840; x_wconf 87' lang='lat' dir='ltr'>ad</span> <span class='ocrx_word' id='word_1_25' title='bbox 653 781 811 840; x_wconf 89' lang='lat' dir='ltr'>servandas</span> <span class='ocrx_word' id='word_1_26' title='bbox 864 799 996 838; x_wconf 90' lang='lat' dir='ltr'>corona</span> <span class='ocrx_word' id='word_1_27' title='bbox 1054 780 1280 838; x_wconf 81' lang='lat' dir='ltr'><strong>obsidionali</strong></span> <span class='ocrx_word' id='word_1_28' title='bbox 1336 781 1475 855; x_wconf 85' lang='lat' dir='ltr'>[aurea]</span> 
     </span>
     <span class='ocr_line' id='line_1_6' title="bbox 226 873 1028 950; baseline 0.002 -18"><span class='ocrx_word' id='word_1_29' title='bbox 226 893 276 932; x_wconf 87' lang='lat' dir='ltr'>eas</span> <span class='ocrx_word' id='word_1_30' title='bbox 313 875 435 947; x_wconf 85' lang='lat' dir='ltr'>eductis,</span> <span class='ocrx_word' id='word_1_31' title='bbox 470 875 562 950; x_wconf 88' lang='lat' dir='ltr'>quod</span> <span class='ocrx_word' id='word_1_32' title='bbox 603 886 637 933; x_wconf 91' lang='lat' dir='ltr'>ct</span> <span class='ocrx_word' id='word_1_33' title='bbox 670 883 813 934; x_wconf 79' lang='lat' dir='ltr'>statuae</span> <span class='ocrx_word' id='word_1_34' title='bbox 864 873 1028 934; x_wconf 87' lang='lat' dir='ltr'>donatus.</span> 
     </span>
    </p>

    <p class='ocr_par' dir='ltr' id='par_1_4' title="bbox 226 967 812 1045">
     <span class='ocr_line' id='line_1_7' title="bbox 226 967 812 1045; baseline 0.002 -19"><span class='ocrx_word' id='word_1_35' title='bbox 226 968 303 1026; x_wconf 89' lang='lat' dir='ltr'>eius</span> <span class='ocrx_word' id='word_1_36' title='bbox 323 967 359 1026; x_wconf 93' lang='lat' dir='ltr'>in</span> <span class='ocrx_word' id='word_1_37' title='bbox 379 968 457 1026; x_wconf 82' lang='lat' dir='ltr'>foro</span> <span class='ocrx_word' id='word_1_38' title='bbox 478 989 540 1027; x_wconf 87' lang='lat' dir='ltr'>suo</span> <span class='ocrx_word' id='word_1_39' title='bbox 556 968 663 1028; x_wconf 86' lang='lat' dir='ltr'>divus</span> <span class='ocrx_word' id='word_1_40' title='bbox 679 973 812 1045; x_wconf 89' lang='lat' dir='ltr'>Augus-</span> 
     </span>
    </p>

    <p class='ocr_par' dir='ltr' id='par_1_5' title="bbox 227 1063 537 1141">
     <span class='ocr_line' id='line_1_8' title="bbox 227 1063 537 1141; baseline 0.003 -21"><span class='ocrx_word' id='word_1_41' title='bbox 227 1070 285 1120; x_wconf 91' lang='lat' dir='ltr'>tus</span> <span class='ocrx_word' id='word_1_42' title='bbox 307 1063 537 1141; x_wconf 79' lang='lat' dir='ltr'>subscripsit.</span> 
     </span>
    </p>
   </div>
   <div class='ocr_carea' id='block_1_4' title="bbox 222 1175 1474 3086">
    <p class='ocr_par' dir='ltr' id='par_1_6' title="bbox 222 1175 1474 3086">
     <span class='ocr_line' id='line_1_9' title="bbox 311 1175 1474 1262; baseline 0.001 -23"><span class='ocrx_word' id='word_1_43' title='bbox 311 1175 421 1260; x_wconf 83' lang='lat' dir='ltr'>Itaque</span> <span class='ocrx_word' id='word_1_44' title='bbox 443 1175 477 1239; x_wconf 91' lang='lat' dir='ltr'>iu</span> <span class='ocrx_word' id='word_1_45' title='bbox 499 1175 646 1240; x_wconf 91' lang='lat' dir='ltr'>omnibus</span> <span class='ocrx_word' id='word_1_46' title='bbox 668 1176 733 1241; x_wconf 89' lang='lat' dir='ltr'>fere</span> <span class='ocrx_word' id='word_1_47' title='bbox 756 1175 866 1259; x_wconf 80' lang='lat' dir='ltr'>elogiis</span> <span class='ocrx_word' id='word_1_48' title='bbox 889 1175 1043 1262; x_wconf 86' lang='lat' dir='ltr'>permulta</span> <span class='ocrx_word' id='word_1_49' title='bbox 1066 1197 1134 1238; x_wconf 90' lang='lat' dir='ltr'>esse</span> <span class='ocrx_word' id='word_1_50' title='bbox 1157 1175 1345 1256; x_wconf 86' lang='lat' dir='ltr'>invenimus,</span> <span class='ocrx_word' id='word_1_51' title='bbox 1370 1199 1474 1262; x_wconf 87' lang='lat' dir='ltr'>quae</span> 
     </span>
     <span class='ocr_line' id='line_1_10' title="bbox 226 1276 1473 1364; baseline -0.001 -22"><span class='ocrx_word' id='word_1_52' title='bbox 226 1277 279 1342; x_wconf 89' lang='lat' dir='ltr'>vel</span> <span class='ocrx_word' id='word_1_53' title='bbox 302 1277 430 1356; x_wconf 87' lang='lat' dir='ltr'>eisdem,</span> <span class='ocrx_word' id='word_1_54' title='bbox 456 1277 606 1363; x_wconf 90' lang='lat' dir='ltr'>quibusa</span> <span class='ocrx_word' id='word_1_55' title='bbox 628 1278 753 1357; x_wconf 90' lang='lat' dir='ltr'>Nostro,</span> <span class='ocrx_word' id='word_1_56' title='bbox 776 1277 881 1342; x_wconf 79' lang='lat' dir='ltr'>verbis</span> <span class='ocrx_word' id='word_1_57' title='bbox 903 1285 1070 1340; x_wconf 88' lang='lat' dir='ltr'>narrantur</span> <span class='ocrx_word' id='word_1_58' title='bbox 1092 1277 1143 1342; x_wconf 87' lang='lat' dir='ltr'>rel</span> <span class='ocrx_word' id='word_1_59' title='bbox 1165 1277 1247 1364; x_wconf 89' lang='lat' dir='ltr'>apud</span> <span class='ocrx_word' id='word_1_60' title='bbox 1264 1276 1363 1340; x_wconf 87' lang='lat' dir='ltr'>alium</span> <span class='ocrx_word' id='word_1_61' title='bbox 1378 1299 1473 1341; x_wconf 88' lang='lat' dir='ltr'>auc-</span> 
     </span>
     <span class='ocr_line' id='line_1_11' title="bbox 227 1377 1472 1465; baseline 0 -24"><span class='ocrx_word' id='word_1_62' title='bbox 227 1388 328 1441; x_wconf 85' lang='lat' dir='ltr'>torem</span> <span class='ocrx_word' id='word_1_63' title='bbox 350 1377 467 1442; x_wconf 82' lang='lat' dir='ltr'>frustra</span> <span class='ocrx_word' id='word_1_64' title='bbox 491 1389 692 1464; x_wconf 89' lang='lat' dir='ltr'>quaeruntur.</span> <span class='ocrx_word' id='word_1_65' title='bbox 716 1378 756 1443; x_wconf 86' lang='lat' dir='ltr'>ad</span> <span class='ocrx_word' id='word_1_66' title='bbox 781 1402 870 1465; x_wconf 91' lang='lat' dir='ltr'>quem</span> <span class='ocrx_word' id='word_1_67' title='bbox 896 1389 926 1443; x_wconf 91' lang='lat' dir='ltr'>et</span> <span class='ocrx_word' id='word_1_68' title='bbox 949 1402 1051 1442; x_wconf 91' lang='lat' dir='ltr'>rerum</span> <span class='ocrx_word' id='word_1_69' title='bbox 1076 1388 1108 1442; x_wconf 88' lang='lat' dir='ltr'>ct</span> <span class='ocrx_word' id='word_1_70' title='bbox 1129 1379 1294 1443; x_wconf 88' lang='lat' dir='ltr'>verborum</span> <span class='ocrx_word' id='word_1_71' title='bbox 1320 1399 1472 1443; x_wconf 86' lang='lat' dir='ltr'>consen-</span> 
     </span>
     <span class='ocr_line' id='line_1_12' title="bbox 227 1479 1469 1565; baseline 0.001 -22"><span class='ocrx_word' id='word_1_72' title='bbox 227 1503 294 1543; x_wconf 89' lang='lat' dir='ltr'>sum</span> <span class='ocrx_word' id='word_1_73' title='bbox 323 1489 443 1564; x_wconf 90' lang='lat' dir='ltr'>quanta</span> <span class='ocrx_word' id='word_1_74' title='bbox 470 1479 599 1544; x_wconf 89' lang='lat' dir='ltr'>accedat</span> <span class='ocrx_word' id='word_1_75' title='bbox 623 1480 718 1545; x_wconf 86' lang='lat' dir='ltr'>totius</span> <span class='ocrx_word' id='word_1_76' title='bbox 741 1480 976 1565; x_wconf 82' lang='lat' dir='ltr'>compositionis</span> <span class='ocrx_word' id='word_1_77' title='bbox 997 1480 1258 1565; x_wconf 87' lang='lat' dir='ltr'>tractationisque</span> <span class='ocrx_word' id='word_1_78' title='bbox 1281 1479 1469 1544; x_wconf 87' lang='lat' dir='ltr'>similitudo</span> 
     </span>
     <span class='ocr_line' id='line_1_13' title="bbox 226 1580 1467 1666; baseline 0.001 -21"><span class='ocrx_word' id='word_1_79' title='bbox 226 1582 251 1645; x_wconf 91' lang='lat' dir='ltr'>si</span> <span class='ocrx_word' id='word_1_80' title='bbox 273 1580 399 1664; x_wconf 87' lang='lat' dir='ltr'>singula</span> <span class='ocrx_word' id='word_1_81' title='bbox 425 1580 527 1665; x_wconf 87' lang='lat' dir='ltr'>elogia</span> <span class='ocrx_word' id='word_1_82' title='bbox 550 1604 621 1645; x_wconf 91' lang='lat' dir='ltr'>cum</span> <span class='ocrx_word' id='word_1_83' title='bbox 644 1593 770 1646; x_wconf 90' lang='lat' dir='ltr'>auctore</span> <span class='ocrx_word' id='word_1_84' title='bbox 794 1581 832 1646; x_wconf 91' lang='lat' dir='ltr'>de</span> <span class='ocrx_word' id='word_1_85' title='bbox 854 1581 912 1646; x_wconf 89' lang='lat' dir='ltr'>vir.</span> <span class='ocrx_word' id='word_1_86' title='bbox 929 1581 973 1645; x_wconf 83' lang='lat' dir='ltr'>iii.</span> <span class='ocrx_word' id='word_1_87' title='bbox 990 1581 1232 1666; x_wconf 69' lang='lat' dir='ltr'>comparaveris</span> <span class='ocrx_word' id='word_1_88' title='bbox 1254 1580 1392 1645; x_wconf 79' lang='lat' dir='ltr'>videbis</span> <span class='ocrx_word' id='word_1_89' title='bbox 1420 1605 1467 1646; x_wconf 85' lang='lat' dir='ltr'>ac</span> 
     </span>
     <span class='ocr_line' id='line_1_14' title="bbox 226 1682 1466 1768; baseline 0.003 -24"><span class='ocrx_word' id='word_1_90' title='bbox 226 1691 292 1746; x_wconf 86' lang='lat' dir='ltr'>tota</span> <span class='ocrx_word' id='word_1_91' title='bbox 315 1705 364 1747; x_wconf 91' lang='lat' dir='ltr'>res</span> <span class='ocrx_word' id='word_1_92' title='bbox 387 1683 451 1746; x_wconf 92' lang='lat' dir='ltr'>iam</span> <span class='ocrx_word' id='word_1_93' title='bbox 472 1682 637 1768; x_wconf 84' lang='lat' dir='ltr'>profligata</span> <span class='ocrx_word' id='word_1_94' title='bbox 659 1706 726 1746; x_wconf 87' lang='lat' dir='ltr'>esse</span> <span class='ocrx_word' id='word_1_95' title='bbox 743 1693 866 1768; x_wconf 86' lang='lat' dir='ltr'>poterat</span> <span class='ocrx_word' id='word_1_96' title='bbox 888 1683 995 1764; x_wconf 80' lang='lat' dir='ltr'>rideri,</span> <span class='ocrx_word' id='word_1_97' title='bbox 1019 1683 1080 1746; x_wconf 87' lang='lat' dir='ltr'>nisi</span> <span class='ocrx_word' id='word_1_98' title='bbox 1103 1682 1298 1766; x_wconf 86' lang='lat' dir='ltr'>gravissimis</span> <span class='ocrx_word' id='word_1_99' title='bbox 1313 1683 1387 1764; x_wconf 86' lang='lat' dir='ltr'>illis,</span> <span class='ocrx_word' id='word_1_100' title='bbox 1417 1685 1466 1748; x_wconf 87' lang='lat' dir='ltr'>de</span> 
     </span>
     <span class='ocr_line' id='line_1_15' title="bbox 226 1782 1462 1870; baseline 0.002 -23"><span class='ocrx_word' id='word_1_101' title='bbox 226 1783 339 1868; x_wconf 92' lang='lat' dir='ltr'>quibus</span> <span class='ocrx_word' id='word_1_102' title='bbox 363 1805 457 1870; x_wconf 89' lang='lat' dir='ltr'>supra</span> <span class='ocrx_word' id='word_1_103' title='bbox 480 1782 623 1864; x_wconf 84' lang='lat' dir='ltr'>diximus,</span> <span class='ocrx_word' id='word_1_104' title='bbox 649 1785 785 1849; x_wconf 89' lang='lat' dir='ltr'>virorum</span> <span class='ocrx_word' id='word_1_105' title='bbox 801 1784 1053 1848; x_wconf 88' lang='lat' dir='ltr'>doctissimorum</span> <span class='ocrx_word' id='word_1_106' title='bbox 1068 1784 1262 1867; x_wconf 79' lang='lat' dir='ltr'>argumentis</span> <span class='ocrx_word' id='word_1_107' title='bbox 1279 1785 1462 1850; x_wconf 86' lang='lat' dir='ltr'>refutatum</span> 
     </span>
     <span class='ocr_line' id='line_1_16' title="bbox 226 1884 1462 1971; baseline 0.001 -22"><span class='ocrx_word' id='word_1_108' title='bbox 226 1897 311 1949; x_wconf 89' lang='lat' dir='ltr'>esset</span> <span class='ocrx_word' id='word_1_109' title='bbox 337 1884 485 1948; x_wconf 89' lang='lat' dir='ltr'>Nostrum</span> <span class='ocrx_word' id='word_1_110' title='bbox 515 1907 555 1948; x_wconf 86' lang='lat' dir='ltr'>ex</span> <span class='ocrx_word' id='word_1_111' title='bbox 578 1885 686 1968; x_wconf 86' lang='lat' dir='ltr'>elogiis</span> <span class='ocrx_word' id='word_1_112' title='bbox 713 1907 770 1948; x_wconf 89' lang='lat' dir='ltr'>sua</span> <span class='ocrx_word' id='word_1_113' title='bbox 798 1885 951 1949; x_wconf 89' lang='lat' dir='ltr'>derivare.</span> <span class='ocrx_word' id='word_1_114' title='bbox 996 1907 1037 1947; x_wconf 89' lang='lat' dir='ltr'>an</span> <span class='ocrx_word' id='word_1_115' title='bbox 1063 1895 1151 1971; x_wconf 89' lang='lat' dir='ltr'>putat</span> <span class='ocrx_word' id='word_1_116' title='bbox 1178 1885 1346 1971; x_wconf 90' lang='lat' dir='ltr'>quisquam</span> <span class='ocrx_word' id='word_1_117' title='bbox 1371 1887 1462 1950; x_wconf 89' lang='lat' dir='ltr'>adeo</span> 
     </span>
     <span class='ocr_line' id='line_1_17' title="bbox 226 1985 1460 2072; baseline 0.001 -22"><span class='ocrx_word' id='word_1_118' title='bbox 226 2009 297 2050; x_wconf 92' lang='lat' dir='ltr'>eum</span> <span class='ocrx_word' id='word_1_119' title='bbox 319 1985 434 2050; x_wconf 89' lang='lat' dir='ltr'>librum</span> <span class='ocrx_word' id='word_1_120' title='bbox 458 2009 548 2050; x_wconf 90' lang='lat' dir='ltr'>suum</span> <span class='ocrx_word' id='word_1_121' title='bbox 572 1987 813 2072; x_wconf 87' lang='lat' dir='ltr'>conglutinasse,</span> <span class='ocrx_word' id='word_1_122' title='bbox 843 1997 876 2050; x_wconf 89' lang='lat' dir='ltr'>ut</span> <span class='ocrx_word' id='word_1_123' title='bbox 897 1995 1022 2072; x_wconf 88' lang='lat' dir='ltr'>praeter</span> <span class='ocrx_word' id='word_1_124' title='bbox 1048 1986 1152 2070; x_wconf 88' lang='lat' dir='ltr'>elogia</span> <span class='ocrx_word' id='word_1_125' title='bbox 1173 1987 1266 2050; x_wconf 85' lang='lat' dir='ltr'>allum</span> <span class='ocrx_word' id='word_1_126' title='bbox 1292 1987 1460 2072; x_wconf 88' lang='lat' dir='ltr'>quendam</span> 
     </span>
     <span class='ocr_line' id='line_1_18' title="bbox 225 2087 1459 2174; baseline 0.001 -22"><span class='ocrx_word' id='word_1_127' title='bbox 225 2098 383 2152; x_wconf 82' lang='lat' dir='ltr'>auctorem</span> <span class='ocrx_word' id='word_1_128' title='bbox 413 2087 586 2168; x_wconf 86' lang='lat' dir='ltr'>adhiberet,</span> <span class='ocrx_word' id='word_1_129' title='bbox 617 2089 698 2153; x_wconf 91' lang='lat' dir='ltr'>unde</span> <span class='ocrx_word' id='word_1_130' title='bbox 727 2101 758 2153; x_wconf 90' lang='lat' dir='ltr'>et</span> <span class='ocrx_word' id='word_1_131' title='bbox 783 2111 833 2154; x_wconf 91' lang='lat' dir='ltr'>res</span> <span class='ocrx_word' id='word_1_132' title='bbox 862 2112 881 2152; x_wconf 89' lang='lat' dir='ltr'>a</span> <span class='ocrx_word' id='word_1_133' title='bbox 906 2089 991 2170; x_wconf 77' lang='lat' dir='ltr'>viria,</span> <span class='ocrx_word' id='word_1_134' title='bbox 1024 2111 1154 2174; x_wconf 90' lang='lat' dir='ltr'>quorum</span> <span class='ocrx_word' id='word_1_135' title='bbox 1183 2099 1303 2154; x_wconf 82' lang='lat' dir='ltr'>statuae</span> <span class='ocrx_word' id='word_1_136' title='bbox 1325 2090 1357 2152; x_wconf 90' lang='lat' dir='ltr'>in</span> <span class='ocrx_word' id='word_1_137' title='bbox 1380 2091 1459 2154; x_wconf 91' lang='lat' dir='ltr'>foro</span> 
     </span>
     <span class='ocr_line' id='line_1_19' title="bbox 227 2189 1455 2275; baseline 0.001 -23"><span class='ocrx_word' id='word_1_138' title='bbox 227 2189 363 2270; x_wconf 84' lang='lat' dir='ltr'>deerant,</span> <span class='ocrx_word' id='word_1_139' title='bbox 387 2198 492 2274; x_wconf 88' lang='lat' dir='ltr'>gestas</span> <span class='ocrx_word' id='word_1_140' title='bbox 514 2202 545 2252; x_wconf 90' lang='lat' dir='ltr'>et</span> <span class='ocrx_word' id='word_1_141' title='bbox 567 2191 673 2253; x_wconf 90' lang='lat' dir='ltr'>omnia</span> <span class='ocrx_word' id='word_1_142' title='bbox 695 2190 758 2270; x_wconf 85' lang='lat' dir='ltr'>illa,</span> <span class='ocrx_word' id='word_1_143' title='bbox 783 2213 862 2275; x_wconf 90' lang='lat' dir='ltr'>quae</span> <span class='ocrx_word' id='word_1_144' title='bbox 883 2191 917 2254; x_wconf 89' lang='lat' dir='ltr'>iu</span> <span class='ocrx_word' id='word_1_145' title='bbox 940 2190 1051 2274; x_wconf 85' lang='lat' dir='ltr'>elogiis</span> <span class='ocrx_word' id='word_1_146' title='bbox 1074 2191 1300 2270; x_wconf 86' lang='lat' dir='ltr'>desiderantur,</span> <span class='ocrx_word' id='word_1_147' title='bbox 1324 2191 1455 2254; x_wconf 90' lang='lat' dir='ltr'>inveni-</span> 
     </span>
     <span class='ocr_line' id='line_1_20' title="bbox 225 2290 1458 2378; baseline 0.002 -24"><span class='ocrx_word' id='word_1_148' title='bbox 225 2303 318 2354; x_wconf 90' lang='lat' dir='ltr'>untur</span> <span class='ocrx_word' id='word_1_149' title='bbox 332 2291 364 2353; x_wconf 91' lang='lat' dir='ltr'>in</span> <span class='ocrx_word' id='word_1_150' title='bbox 378 2301 487 2354; x_wconf 89' lang='lat' dir='ltr'>nostro</span> <span class='ocrx_word' id='word_1_151' title='bbox 502 2290 593 2372; x_wconf 81' lang='lat' dir='ltr'>libro,</span> <span class='ocrx_word' id='word_1_152' title='bbox 618 2291 814 2357; x_wconf 75' lang='lat' dir='ltr'>desumeret‘l</span> <span class='ocrx_word' id='word_1_153' title='bbox 848 2297 886 2356; x_wconf 86' lang='lat' dir='ltr'>ad</span> <span class='ocrx_word' id='word_1_154' title='bbox 904 2315 996 2378; x_wconf 88' lang='lat' dir='ltr'>quam</span> <span class='ocrx_word' id='word_1_155' title='bbox 1014 2292 1226 2358; x_wconf 89' lang='lat' dir='ltr'>coniecturam</span> <span class='ocrx_word' id='word_1_156' title='bbox 1246 2293 1458 2356; x_wconf 85' lang='lat' dir='ltr'>refutandam</span> 
     </span>
     <span class='ocr_line' id='line_1_21' title="bbox 225 2392 1454 2481; baseline 0.004 -25"><span class='ocrx_word' id='word_1_157' title='bbox 225 2393 301 2456; x_wconf 90' lang='lat' dir='ltr'>satis</span> <span class='ocrx_word' id='word_1_158' title='bbox 324 2392 472 2456; x_wconf 89' lang='lat' dir='ltr'>haberem</span> <span class='ocrx_word' id='word_1_159' title='bbox 487 2392 665 2479; x_wconf 84' lang='lat' dir='ltr'>Ampelium</span> <span class='ocrx_word' id='word_1_160' title='bbox 690 2393 810 2473; x_wconf 87' lang='lat' dir='ltr'>afferre,</span> <span class='ocrx_word' id='word_1_161' title='bbox 835 2395 897 2478; x_wconf 88' lang='lat' dir='ltr'>qui,</span> <span class='ocrx_word' id='word_1_162' title='bbox 921 2394 946 2456; x_wconf 92' lang='lat' dir='ltr'>si</span> <span class='ocrx_word' id='word_1_163' title='bbox 961 2393 1016 2456; x_wconf 89' lang='lat' dir='ltr'>illa</span> <span class='ocrx_word' id='word_1_164' title='bbox 1031 2418 1107 2458; x_wconf 89' lang='lat' dir='ltr'>vera</span> <span class='ocrx_word' id='word_1_165' title='bbox 1122 2403 1212 2473; x_wconf 87' lang='lat' dir='ltr'>esset,</span> <span class='ocrx_word' id='word_1_166' title='bbox 1236 2395 1305 2480; x_wconf 88' lang='lat' dir='ltr'>ipse</span> <span class='ocrx_word' id='word_1_167' title='bbox 1321 2418 1454 2481; x_wconf 90' lang='lat' dir='ltr'>quoque</span> 
     </span>
     <span class='ocr_line' id='line_1_22' title="bbox 224 2493 1454 2582; baseline 0.002 -24"><span class='ocrx_word' id='word_1_168' title='bbox 224 2493 337 2578; x_wconf 87' lang='lat' dir='ltr'>elogiis</span> <span class='ocrx_word' id='word_1_169' title='bbox 359 2517 416 2580; x_wconf 91' lang='lat' dir='ltr'>pro</span> <span class='ocrx_word' id='word_1_170' title='bbox 439 2494 586 2578; x_wconf 89' lang='lat' dir='ltr'>primario</span> <span class='ocrx_word' id='word_1_171' title='bbox 609 2494 694 2558; x_wconf 59' lang='lat' dir='ltr'>fonte</span> <span class='ocrx_word' id='word_1_172' title='bbox 717 2518 791 2558; x_wconf 89' lang='lat' dir='ltr'>usus</span> <span class='ocrx_word' id='word_1_173' title='bbox 815 2518 882 2559; x_wconf 89' lang='lat' dir='ltr'>esse</span> <span class='ocrx_word' id='word_1_174' title='bbox 905 2507 999 2580; x_wconf 88' lang='lat' dir='ltr'>atque</span> <span class='ocrx_word' id='word_1_175' title='bbox 1023 2497 1135 2576; x_wconf 75' lang='lat' dir='ltr'>omnia,</span> <span class='ocrx_word' id='word_1_176' title='bbox 1161 2519 1241 2582; x_wconf 87' lang='lat' dir='ltr'>quae</span> <span class='ocrx_word' id='word_1_177' title='bbox 1256 2495 1302 2560; x_wconf 91' lang='lat' dir='ltr'>ibi</span> <span class='ocrx_word' id='word_1_178' title='bbox 1316 2497 1368 2560; x_wconf 79' lang='lat' dir='ltr'>vei</span> <span class='ocrx_word' id='word_1_179' title='bbox 1383 2521 1454 2562; x_wconf 91' lang='lat' dir='ltr'>non</span> 
     </span>
     <span class='ocr_line' id='line_1_23' title="bbox 224 2596 1452 2684; baseline 0.003 -26"><span class='ocrx_word' id='word_1_180' title='bbox 224 2596 410 2659; x_wconf 86' lang='lat' dir='ltr'>exstiterunt</span> <span class='ocrx_word' id='word_1_181' title='bbox 432 2596 482 2659; x_wconf 88' lang='lat' dir='ltr'>vel</span> <span class='ocrx_word' id='word_1_182' title='bbox 505 2605 628 2660; x_wconf 86' lang='lat' dir='ltr'>exstare</span> <span class='ocrx_word' id='word_1_183' title='bbox 650 2620 713 2660; x_wconf 89' lang='lat' dir='ltr'>non</span> <span class='ocrx_word' id='word_1_184' title='bbox 736 2605 914 2682; x_wconf 87' lang='lat' dir='ltr'>potuerunt,</span> <span class='ocrx_word' id='word_1_185' title='bbox 948 2620 988 2660; x_wconf 84' lang='lat' dir='ltr'>ex</span> <span class='ocrx_word' id='word_1_186' title='bbox 1011 2596 1122 2662; x_wconf 89' lang='lat' dir='ltr'>eodem</span> <span class='ocrx_word' id='word_1_187' title='bbox 1149 2597 1299 2684; x_wconf 85' lang='lat' dir='ltr'>scriptore</span> <span class='ocrx_word' id='word_1_188' title='bbox 1327 2597 1452 2664; x_wconf 88' lang='lat' dir='ltr'>eisdem</span> 
     </span>
     <span class='ocr_line' id='line_1_24' title="bbox 223 2695 1452 2784; baseline 0.004 -25"><span class='ocrx_word' id='word_1_189' title='bbox 223 2696 301 2761; x_wconf 90' lang='lat' dir='ltr'>Iocis</span> <span class='ocrx_word' id='word_1_190' title='bbox 324 2719 361 2760; x_wconf 90' lang='lat' dir='ltr'>ac</span> <span class='ocrx_word' id='word_1_191' title='bbox 382 2695 500 2760; x_wconf 82' lang='lat' dir='ltr'>Noster</span> <span class='ocrx_word' id='word_1_192' title='bbox 522 2696 726 2761; x_wconf 85' lang='lat' dir='ltr'>admiscuisse</span> <span class='ocrx_word' id='word_1_193' title='bbox 748 2697 906 2784; x_wconf 90' lang='lat' dir='ltr'>putandus</span> <span class='ocrx_word' id='word_1_194' title='bbox 935 2708 1027 2762; x_wconf 89' lang='lat' dir='ltr'>esset.</span> <span class='ocrx_word' id='word_1_195' title='bbox 1072 2707 1105 2761; x_wconf 91' lang='lat' dir='ltr'>at</span> <span class='ocrx_word' id='word_1_196' title='bbox 1127 2709 1237 2762; x_wconf 88' lang='lat' dir='ltr'>auctor</span> <span class='ocrx_word' id='word_1_197' title='bbox 1258 2699 1320 2780; x_wconf 84' lang='lat' dir='ltr'>ille,</span> <span class='ocrx_word' id='word_1_198' title='bbox 1351 2722 1452 2784; x_wconf 90' lang='lat' dir='ltr'>quem</span> 
     </span>
     <span class='ocr_line' id='line_1_25' title="bbox 222 2798 1451 2884; baseline 0.002 -22"><span class='ocrx_word' id='word_1_199' title='bbox 222 2798 337 2863; x_wconf 88' lang='lat' dir='ltr'>Noster</span> <span class='ocrx_word' id='word_1_200' title='bbox 369 2807 400 2862; x_wconf 89' lang='lat' dir='ltr'>et</span> <span class='ocrx_word' id='word_1_201' title='bbox 425 2798 591 2884; x_wconf 86' lang='lat' dir='ltr'>Ampelius</span> <span class='ocrx_word' id='word_1_202' title='bbox 630 2808 811 2883; x_wconf 86' lang='lat' dir='ltr'>sequuntur,</span> <span class='ocrx_word' id='word_1_203' title='bbox 845 2799 947 2882; x_wconf 88' lang='lat' dir='ltr'>elogia</span> <span class='ocrx_word' id='word_1_204' title='bbox 980 2800 1039 2862; x_wconf 90' lang='lat' dir='ltr'>hoc</span> <span class='ocrx_word' id='word_1_205' title='bbox 1074 2799 1165 2862; x_wconf 91' lang='lat' dir='ltr'>modo</span> <span class='ocrx_word' id='word_1_206' title='bbox 1196 2800 1383 2863; x_wconf 83' lang='lat' dir='ltr'>retractavit</span> <span class='ocrx_word' id='word_1_207' title='bbox 1417 2813 1451 2866; x_wconf 89' lang='lat' dir='ltr'>et</span> 
     </span>
     <span class='ocr_line' id='line_1_26' title="bbox 223 2897 1449 2984; baseline 0.004 -23"><span class='ocrx_word' id='word_1_208' title='bbox 223 2899 324 2963; x_wconf 86' lang='lat' dir='ltr'>auxit!</span> <span class='ocrx_word' id='word_1_209' title='bbox 359 2897 438 2961; x_wconf 87' lang='lat' dir='ltr'>haec</span> <span class='ocrx_word' id='word_1_210' title='bbox 464 2921 587 2984; x_wconf 88' lang='lat' dir='ltr'>quoque</span> <span class='ocrx_word' id='word_1_211' title='bbox 614 2899 800 2976; x_wconf 71' lang='lat' dir='ltr'>coniectura,</span> <span class='ocrx_word' id='word_1_212' title='bbox 830 2905 855 2963; x_wconf 90' lang='lat' dir='ltr'>si</span> <span class='ocrx_word' id='word_1_213' title='bbox 885 2899 924 2980; x_wconf 95' lang='lat' dir='ltr'>Q.</span> <span class='ocrx_word' id='word_1_214' title='bbox 969 2900 1062 2964; x_wconf 86' lang='lat' dir='ltr'>Fabii</span> <span class='ocrx_word' id='word_1_215' title='bbox 1090 2901 1156 2962; x_wconf 89' lang='lat' dir='ltr'>vita</span> <span class='ocrx_word' id='word_1_216' title='bbox 1184 2901 1222 2963; x_wconf 91' lang='lat' dir='ltr'>ab</span> <span class='ocrx_word' id='word_1_217' title='bbox 1250 2909 1378 2966; x_wconf 89' lang='lat' dir='ltr'>auctore</span> <span class='ocrx_word' id='word_1_218' title='bbox 1408 2902 1449 2966; x_wconf 90' lang='lat' dir='ltr'>de</span> 
     </span>
     <span class='ocr_line' id='line_1_27' title="bbox 223 2999 1448 3086; baseline 0.002 -23"><span class='ocrx_word' id='word_1_219' title='bbox 223 2999 279 3064; x_wconf 90' lang='lat' dir='ltr'>vir.</span> <span class='ocrx_word' id='word_1_220' title='bbox 302 2999 347 3062; x_wconf 87' lang='lat' dir='ltr'>ill.</span> <span class='ocrx_word' id='word_1_221' title='bbox 371 2999 529 3086; x_wconf 88' lang='lat' dir='ltr'>descripta</span> <span class='ocrx_word' id='word_1_222' title='bbox 551 3023 619 3064; x_wconf 91' lang='lat' dir='ltr'>cum</span> <span class='ocrx_word' id='word_1_223' title='bbox 638 2999 678 3080; x_wconf 99' lang='lat' dir='ltr'>Q.</span> <span class='ocrx_word' id='word_1_224' title='bbox 709 3001 801 3065; x_wconf 84' lang='lat' dir='ltr'>Fabii</span> <span class='ocrx_word' id='word_1_225' title='bbox 817 3001 917 3085; x_wconf 90' lang='lat' dir='ltr'>elogio</span> <span class='ocrx_word' id='word_1_226' title='bbox 934 3001 1109 3081; x_wconf 81' lang='lat' dir='ltr'>contuleris,</span> <span class='ocrx_word' id='word_1_227' title='bbox 1135 3009 1265 3064; x_wconf 89' lang='lat' dir='ltr'>corruet.</span> <span class='ocrx_word' id='word_1_228' title='bbox 1298 3001 1448 3084; x_wconf 89' lang='lat' dir='ltr'>leguntur</span> 
     </span>
    </p>
   </div>
   <div class='ocr_carea' id='block_1_5' title="bbox 224 3098 420 3164">
    <p class='ocr_par' dir='ltr' id='par_1_7' title="bbox 224 3098 420 3164">
     <span class='ocr_line' id='line_1_28' title="bbox 224 3098 420 3164; baseline 0 0"><span class='ocrx_word' id='word_1_229' title='bbox 224 3101 303 3164; x_wconf 91' lang='lat' dir='ltr'>enim</span> <span class='ocrx_word' id='word_1_230' title='bbox 327 3098 420 3164; x_wconf 88' lang='lat' dir='ltr'>haec:</span> 
     </span>
    </p>
   </div>
   <div class='ocr_carea' id='block_1_6' title="bbox 223 3200 1354 3360">
    <p class='ocr_par' dir='ltr' id='par_1_8' title="bbox 223 3200 1354 3360">
     <span class='ocr_line' id='line_1_29' title="bbox 223 3200 1354 3278; baseline 0 -20"><span class='ocrx_word' id='word_1_231' title='bbox 223 3202 308 3278; x_wconf 88' lang='lat' dir='ltr'>Elog.</span> <span class='ocrx_word' id='word_1_232' title='bbox 337 3200 371 3274; x_wconf 90' lang='lat' dir='ltr'>Q.</span> <span class='ocrx_word' id='word_1_233' title='bbox 395 3201 478 3259; x_wconf 82' lang='lat' dir='ltr'>Fabii</span> <span class='ocrx_word' id='word_1_234' title='bbox 501 3201 533 3262; x_wconf 83' lang='lat' dir='ltr'>O.</span> <span class='ocrx_word' id='word_1_235' title='bbox 556 3201 584 3260; x_wconf 84' lang='lat' dir='ltr'>J.</span> <span class='ocrx_word' id='word_1_236' title='bbox 605 3201 641 3259; x_wconf 88' lang='lat' dir='ltr'>L.</span> <span class='ocrx_word' id='word_1_237' title='bbox 663 3201 686 3268; x_wconf 81' lang='grc' dir='ltr'>Ι,</span> <span class='ocrx_word' id='word_1_238' title='bbox 708 3223 735 3278; x_wconf 90' lang='lat' dir='ltr'>p.</span> <span class='ocrx_word' id='word_1_239' title='bbox 752 3203 806 3260; x_wconf 77' lang='lat'>283</span> <span class='ocrx_word' id='word_1_240' title='bbox 955 3210 1031 3262; x_wconf 89' lang='lat' dir='ltr'>auct.</span> <span class='ocrx_word' id='word_1_241' title='bbox 1054 3205 1089 3262; x_wconf 90' lang='lat' dir='ltr'>dc</span> <span class='ocrx_word' id='word_1_242' title='bbox 1111 3203 1163 3261; x_wconf 90' lang='lat' dir='ltr'>vir.</span> <span class='ocrx_word' id='word_1_243' title='bbox 1186 3203 1226 3262; x_wconf 88' lang='lat' dir='ltr'>ill.</span> <span class='ocrx_word' id='word_1_244' title='bbox 1250 3203 1354 3259; x_wconf 81' lang='lat' dir='ltr'>XLIII</span> 
     </span>
     <span class='ocr_line' id='line_1_30' title="bbox 541 3297 773 3360; baseline -0.004 -10"><span class='ocrx_word' id='word_1_245' title='bbox 541 3297 619 3350; x_wconf 84' lang='lat' dir='ltr'>Orelli</span> <span class='ocrx_word' id='word_1_246' title='bbox 640 3297 659 3360; x_wconf 97' lang='grc' dir='ltr'>Ι,</span> <span class='ocrx_word' id='word_1_247' title='bbox 679 3314 704 3348; x_wconf 92' lang='lat' dir='ltr'>n.</span> <span class='ocrx_word' id='word_1_248' title='bbox 724 3303 773 3350; x_wconf 78' lang='lat'>541</span> 
     </span>
    </p>
   </div>
   <div class='ocr_carea' id='block_1_7' title="bbox 223 3397 1446 3564">
    <p class='ocr_par' dir='ltr' id='par_1_9' title="bbox 223 3397 1446 3564">
     <span class='ocr_line' id='line_1_31' title="bbox 263 3397 1446 3473; baseline 0 -17"><span class='ocrx_word' id='word_1_249' title='bbox 263 3398 299 3473; x_wconf 89' lang='lat' dir='ltr'>Q.</span> <span class='ocrx_word' id='word_1_250' title='bbox 321 3399 430 3456; x_wconf 82' lang='lat' dir='ltr'>Fabius</span> <span class='ocrx_word' id='word_1_251' title='bbox 452 3397 488 3472; x_wconf 92' lang='lat' dir='ltr'>Q.</span> <span class='ocrx_word' id='word_1_252' title='bbox 516 3399 548 3456; x_wconf 93' lang='lat' dir='ltr'>F.</span> <span class='ocrx_word' id='word_1_253' title='bbox 571 3398 717 3456; x_wconf 84' lang='lat' dir='ltr'>Maximus</span> <span class='ocrx_word' id='word_1_254' title='bbox 738 3399 807 3456; x_wconf 90' lang='lat' dir='ltr'>Dic·</span> <span class='ocrx_word' id='word_1_255' title='bbox 897 3397 934 3472; x_wconf 92' lang='lat' dir='ltr'>Q.</span> <span class='ocrx_word' id='word_1_256' title='bbox 967 3398 1076 3456; x_wconf 86' lang='lat' dir='ltr'>Fabius</span> <span class='ocrx_word' id='word_1_257' title='bbox 1108 3399 1252 3456; x_wconf 83' lang='lat' dir='ltr'>Maximus</span> <span class='ocrx_word' id='word_1_258' title='bbox 1284 3399 1446 3456; x_wconf 82' lang='lat' dir='ltr'>Cunctator</span> 
     </span>
     <span class='ocr_line' id='line_1_32' title="bbox 223 3491 1445 3564; baseline -0.001 -13"><span class='ocrx_word' id='word_1_259' title='bbox 223 3503 300 3551; x_wconf 87' lang='lat' dir='ltr'>tator</span> <span class='ocrx_word' id='word_1_260' title='bbox 319 3493 357 3564; x_wconf 95' lang='grc' dir='ltr'>ΙΙ,</span> <span class='ocrx_word' id='word_1_261' title='bbox 379 3493 445 3550; x_wconf 82' lang='lat' dir='ltr'>Cos.</span> <span class='ocrx_word' id='word_1_262' title='bbox 462 3491 498 3562; x_wconf 87' lang='lat' dir='ltr'>V,</span> <span class='ocrx_word' id='word_1_263' title='bbox 521 3491 753 3551; x_wconf 79' lang='lat' dir='ltr'>Censluterrex</span> <span class='ocrx_word' id='word_1_264' title='bbox 770 3492 807 3562; x_wconf 90' lang='grc' dir='ltr'>ΙΙ,</span> <span class='ocrx_word' id='word_1_265' title='bbox 858 3503 889 3549; x_wconf 89' lang='lat' dir='ltr'>ut</span> <span class='ocrx_word' id='word_1_266' title='bbox 910 3492 1089 3550; x_wconf 87' lang='lat' dir='ltr'>Verrucosus</span> <span class='ocrx_word' id='word_1_267' title='bbox 1110 3511 1128 3548; x_wconf 87' lang='lat' dir='ltr'>a</span> <span class='ocrx_word' id='word_1_268' title='bbox 1150 3511 1269 3548; x_wconf 86' lang='lat' dir='ltr'>verruca</span> <span class='ocrx_word' id='word_1_269' title='bbox 1297 3492 1327 3549; x_wconf 92' lang='lat' dir='ltr'>iu</span> <span class='ocrx_word' id='word_1_270' title='bbox 1353 3493 1445 3550; x_wconf 83' lang='lat' dir='ltr'>labris</span> 
     </span>
    </p>
   </div>
   <div class='ocr_carea' id='block_1_8' title="bbox 222 3584 1444 4232">
    <p class='ocr_par' dir='ltr' id='par_1_10' title="bbox 222 3584 1444 4232">
     <span class='ocr_line' id='line_1_33' title="bbox 224 3584 1444 3658; baseline -0.002 -14"><span class='ocrx_word' id='word_1_271' title='bbox 224 3588 294 3644; x_wconf 85' lang='lat' dir='ltr'>Aed.</span> <span class='ocrx_word' id='word_1_272' title='bbox 311 3605 380 3658; x_wconf 78' lang='lat' dir='ltr'>cun,</span> <span class='ocrx_word' id='word_1_273' title='bbox 398 3584 451 3658; x_wconf 89' lang='lat' dir='ltr'>Qu.</span> <span class='ocrx_word' id='word_1_274' title='bbox 468 3585 503 3658; x_wconf 93' lang='grc' dir='ltr'>ΙΙ,</span> <span class='ocrx_word' id='word_1_275' title='bbox 525 3585 577 3644; x_wconf 85' lang='lat' dir='ltr'>Tr.</span> <span class='ocrx_word' id='word_1_276' title='bbox 592 3587 652 3646; x_wconf 84' lang='lat' dir='ltr'>mil.</span> <span class='ocrx_word' id='word_1_277' title='bbox 669 3586 705 3654; x_wconf 81' lang='grc' dir='ltr'>ΙΙ,</span> <span class='ocrx_word' id='word_1_278' title='bbox 729 3587 805 3643; x_wconf 88' lang='lat' dir='ltr'>Pon·</span> <span class='ocrx_word' id='word_1_279' title='bbox 858 3587 898 3642; x_wconf 91' lang='lat' dir='ltr'>ita</span> <span class='ocrx_word' id='word_1_280' title='bbox 933 3585 1059 3644; x_wconf 89' lang='lat' dir='ltr'>Ovicuia</span> <span class='ocrx_word' id='word_1_281' title='bbox 1092 3606 1110 3643; x_wconf 89' lang='lat' dir='ltr'>a</span> <span class='ocrx_word' id='word_1_282' title='bbox 1144 3586 1297 3643; x_wconf 88' lang='lat' dir='ltr'>clementia</span> <span class='ocrx_word' id='word_1_283' title='bbox 1330 3605 1444 3642; x_wconf 91' lang='lat' dir='ltr'>morum</span> 
     </span>
     <span class='ocr_line' id='line_1_34' title="bbox 222 3679 1444 3756; baseline -0.002 -18"><span class='ocrx_word' id='word_1_284' title='bbox 222 3680 303 3749; x_wconf 85' lang='lat' dir='ltr'>tifex,</span> <span class='ocrx_word' id='word_1_285' title='bbox 328 3682 402 3755; x_wconf 87' lang='lat' dir='ltr'>Aug.</span> <span class='ocrx_word' id='word_1_286' title='bbox 424 3679 523 3736; x_wconf 90' lang='lat' dir='ltr'>Primo</span> <span class='ocrx_word' id='word_1_287' title='bbox 544 3681 696 3737; x_wconf 81' lang='lat' dir='ltr'>consulatu</span> <span class='ocrx_word' id='word_1_288' title='bbox 718 3680 806 3756; x_wconf 90' lang='lat' dir='ltr'>Ligu·</span> <span class='ocrx_word' id='word_1_289' title='bbox 858 3680 956 3736; x_wconf 92' lang='lat' dir='ltr'>consul</span> <span class='ocrx_word' id='word_1_290' title='bbox 988 3681 1023 3735; x_wconf 91' lang='lat' dir='ltr'>de</span> <span class='ocrx_word' id='word_1_291' title='bbox 1054 3679 1210 3755; x_wconf 83' lang='lat' dir='ltr'>Liguribus</span> <span class='ocrx_word' id='word_1_292' title='bbox 1243 3679 1444 3754; x_wconf 86' lang='lat' dir='ltr'>triumphavit.</span> 
     </span>
     <span class='ocr_line' id='line_1_35' title="bbox 222 3772 1444 3851; baseline -0.002 -19"><span class='ocrx_word' id='word_1_293' title='bbox 222 3794 267 3832; x_wconf 87' lang='lat' dir='ltr'>res</span> <span class='ocrx_word' id='word_1_294' title='bbox 308 3774 422 3850; x_wconf 85' lang='lat' dir='ltr'>subegit</span> <span class='ocrx_word' id='word_1_295' title='bbox 459 3792 494 3830; x_wconf 84' lang='lat' dir='ltr'>ex</span> <span class='ocrx_word' id='word_1_296' title='bbox 532 3774 573 3830; x_wconf 90' lang='lat' dir='ltr'>eis</span> <span class='ocrx_word' id='word_1_297' title='bbox 608 3775 805 3851; x_wconf 85' lang='lat' dir='ltr'>triumphavit.</span> <span class='ocrx_word' id='word_1_298' title='bbox 859 3772 1054 3830; x_wconf 89' lang='lat' dir='ltr'>Hannibalem</span> <span class='ocrx_word' id='word_1_299' title='bbox 1089 3791 1170 3830; x_wconf 87' lang='lat' dir='ltr'>mora</span> <span class='ocrx_word' id='word_1_300' title='bbox 1201 3773 1296 3849; x_wconf 86' lang='lat' dir='ltr'>fregit.</span> <span class='ocrx_word' id='word_1_301' title='bbox 1348 3773 1444 3830; x_wconf 90' lang='lat' dir='ltr'>Miuu-</span> 
     </span>
     <span class='ocr_line' id='line_1_36' title="bbox 223 3865 1444 3944; baseline -0.003 -18"><span class='ocrx_word' id='word_1_302' title='bbox 223 3869 324 3926; x_wconf 72' lang='lat' dir='ltr'>&#39;l&#39;ertio</span> <span class='ocrx_word' id='word_1_303' title='bbox 345 3876 375 3925; x_wconf 87' lang='lat' dir='ltr'>et</span> <span class='ocrx_word' id='word_1_304' title='bbox 395 3878 498 3944; x_wconf 86' lang='lat' dir='ltr'>quarto</span> <span class='ocrx_word' id='word_1_305' title='bbox 514 3867 708 3925; x_wconf 86' lang='lat' dir='ltr'>Hannibalem</span> <span class='ocrx_word' id='word_1_306' title='bbox 730 3888 806 3925; x_wconf 92' lang='lat' dir='ltr'>com·</span> <span class='ocrx_word' id='word_1_307' title='bbox 857 3867 931 3922; x_wconf 90' lang='lat' dir='ltr'>cium</span> <span class='ocrx_word' id='word_1_308' title='bbox 969 3865 1140 3940; x_wconf 85' lang='lat' dir='ltr'>magistrum</span> <span class='ocrx_word' id='word_1_309' title='bbox 1176 3866 1304 3940; x_wconf 89' lang='lat' dir='ltr'>equitum</span> <span class='ocrx_word' id='word_1_310' title='bbox 1335 3868 1444 3941; x_wconf 88' lang='lat' dir='ltr'>impe·</span> 
     </span>
     <span class='ocr_line' id='line_1_37' title="bbox 222 3959 1444 4040; baseline -0.005 -20"><span class='ocrx_word' id='word_1_311' title='bbox 222 3964 353 4040; x_wconf 91' lang='lat' dir='ltr'>pluribus</span> <span class='ocrx_word' id='word_1_312' title='bbox 384 3963 514 4019; x_wconf 86' lang='lat' dir='ltr'>victoriis</span> <span class='ocrx_word' id='word_1_313' title='bbox 547 3961 670 4018; x_wconf 85' lang='lat' dir='ltr'>ferocem</span> <span class='ocrx_word' id='word_1_314' title='bbox 706 3963 805 4018; x_wconf 86' lang='lat' dir='ltr'>subse·</span> <span class='ocrx_word' id='word_1_315' title='bbox 858 3959 912 4015; x_wconf 91' lang='lat' dir='ltr'>rio</span> <span class='ocrx_word' id='word_1_316' title='bbox 933 3960 988 4017; x_wconf 92' lang='lat' dir='ltr'>sibi</span> <span class='ocrx_word' id='word_1_317' title='bbox 1009 3960 1160 4034; x_wconf 82' lang='lat' dir='ltr'>aequari</span> <span class='ocrx_word' id='word_1_318' title='bbox 1181 3979 1286 4036; x_wconf 88' lang='lat' dir='ltr'>passus</span> <span class='ocrx_word' id='word_1_319' title='bbox 1301 3967 1353 4030; x_wconf 85' lang='lat' dir='ltr'>est,</span> <span class='ocrx_word' id='word_1_320' title='bbox 1367 3959 1444 4015; x_wconf 85' lang='lat' dir='ltr'>nihi-</span> 
     </span>
     <span class='ocr_line' id='line_1_38' title="bbox 222 4051 1444 4132; baseline -0.005 -18"><span class='ocrx_word' id='word_1_321' title='bbox 222 4057 335 4132; x_wconf 81' lang='lat' dir='ltr'>quondo</span> <span class='ocrx_word' id='word_1_322' title='bbox 370 4056 504 4114; x_wconf 89' lang='lat' dir='ltr'>coercuit.</span> <span class='ocrx_word' id='word_1_323' title='bbox 565 4054 689 4112; x_wconf 87' lang='lat' dir='ltr'>dictator</span> <span class='ocrx_word' id='word_1_324' title='bbox 728 4073 804 4130; x_wconf 89' lang='lat' dir='ltr'>mag.</span> <span class='ocrx_word' id='word_1_325' title='bbox 856 4051 980 4110; x_wconf 90' lang='lat' dir='ltr'>lominus</span> <span class='ocrx_word' id='word_1_326' title='bbox 1027 4054 1204 4129; x_wconf 87' lang='lat' dir='ltr'>periclitanti</span> <span class='ocrx_word' id='word_1_327' title='bbox 1256 4053 1444 4128; x_wconf 87' lang='lat' dir='ltr'>subvenit,</span> 
     </span>
     <span class='ocr_line' id='line_1_39' title="bbox 222 4147 1442 4232; baseline -0.001 -25"><span class='ocrx_word' id='word_1_328' title='bbox 222 4151 351 4227; x_wconf 90' lang='lat' dir='ltr'>equitum</span> <span class='ocrx_word' id='word_1_329' title='bbox 385 4150 522 4222; x_wconf 66' lang='lat' dir='ltr'>Minucia</span> <span class='ocrx_word' id='word_1_330' title='bbox 559 4149 639 4206; x_wconf 89' lang='lat' dir='ltr'>cuius</span> <span class='ocrx_word' id='word_1_331' title='bbox 678 4147 804 4224; x_wconf 89' lang='lat' dir='ltr'>populus</span> <span class='ocrx_word' id='word_1_332' title='bbox 856 4147 1054 4232; x_wconf 79' lang='lat' dir='ltr'>Hannibalem</span> <span class='ocrx_word' id='word_1_333' title='bbox 1083 4147 1113 4204; x_wconf 93' lang='lat' dir='ltr'>in</span> <span class='ocrx_word' id='word_1_334' title='bbox 1143 4168 1214 4224; x_wconf 86' lang='lat' dir='ltr'>agro</span> <span class='ocrx_word' id='word_1_335' title='bbox 1241 4147 1367 4205; x_wconf 87' lang='lat' dir='ltr'>Falerno</span> <span class='ocrx_word' id='word_1_336' title='bbox 1399 4148 1442 4206; x_wconf 86' lang='lat' dir='ltr'>iu-</span> 
     </span>
    </p>
   </div>
   <div class='ocr_carea' id='block_1_9' title="bbox 222 4276 1440 4433">
    <p class='ocr_par' dir='ltr' id='par_1_11' title="bbox 222 4276 1440 4433">
     <span class='ocr_line' id='line_1_40' title="bbox 292 4276 1440 4352; baseline -0.001 -22"><span class='ocrx_word' id='word_1_337' title='bbox 292 4283 316 4344; x_wconf 81' lang='lat'>1)</span> <span class='ocrx_word' id='word_1_338' title='bbox 333 4279 509 4352; x_wconf 80' lang='lat' dir='ltr'>Numerorum</span> <span class='ocrx_word' id='word_1_339' title='bbox 528 4276 705 4346; x_wconf 86' lang='lat' dir='ltr'>discrepantia</span> <span class='ocrx_word' id='word_1_340' title='bbox 724 4276 824 4328; x_wconf 90' lang='lat' dir='ltr'>nullius</span> <span class='ocrx_word' id='word_1_341' title='bbox 844 4277 971 4329; x_wconf 90' lang='lat' dir='ltr'>momenti</span> <span class='ocrx_word' id='word_1_342' title='bbox 990 4278 1039 4341; x_wconf 85' lang='lat' dir='ltr'>est,</span> <span class='ocrx_word' id='word_1_343' title='bbox 1057 4276 1182 4344; x_wconf 81' lang='lat' dir='ltr'>qtroniam</span> <span class='ocrx_word' id='word_1_344' title='bbox 1200 4281 1329 4344; x_wconf 88' lang='lat' dir='ltr'>quantum</span> <span class='ocrx_word' id='word_1_345' title='bbox 1348 4277 1376 4327; x_wconf 91' lang='lat' dir='ltr'>in</span> <span class='ocrx_word' id='word_1_346' title='bbox 1391 4293 1440 4329; x_wconf 91' lang='lat' dir='ltr'>nu-</span> 
     </span>
     <span class='ocr_line' id='line_1_41' title="bbox 222 4362 981 4433; baseline -0.004 -15"><span class='ocrx_word' id='word_1_347' title='bbox 222 4364 300 4418; x_wconf 87' lang='lat' dir='ltr'>meris</span> <span class='ocrx_word' id='word_1_348' title='bbox 318 4365 487 4433; x_wconf 88' lang='lat' dir='ltr'>potissimum</span> <span class='ocrx_word' id='word_1_349' title='bbox 507 4365 607 4416; x_wconf 84' lang='lat' dir='ltr'>librarii</span> <span class='ocrx_word' id='word_1_350' title='bbox 627 4362 802 4432; x_wconf 86' lang='lat' dir='ltr'>peccaverint,</span> <span class='ocrx_word' id='word_1_351' title='bbox 822 4367 913 4413; x_wconf 87' lang='lat' dir='ltr'>notum</span> <span class='ocrx_word' id='word_1_352' title='bbox 932 4369 981 4415; x_wconf 87' lang='lat' dir='ltr'>est.</span> 
     </span>
    </p>
   </div>
   <div class='ocr_carea' id='block_1_10' title="bbox 0 0 1614 5174">
    <p class='ocr_par' dir='ltr' id='par_1_12' title="bbox 0 0 1614 5174">
     <span class='ocr_line' id='line_1_42' title="bbox 0 0 1614 5174; baseline 0 2"><span class='ocrx_word' id='word_1_353' title='bbox 0 0 1614 5174; x_wconf 95' lang='lat' dir='ltr'> </span> 
     </span>
    </p>
   </div>
  </div>
 </body>
</html>
