3218 5174
732 472 771 534 47

145 675 199 731 bus
232 674 306 750 fugit
340 675 377 732 ad
416 675 592 732 Antiochum
626 673 729 751 Syriae
781 672 855 751 fugit
866 693 989 750 eumque
1003 676 1114 733 hostem
1131 675 1271 734 Romanis
1286 675 1362 734 fecit.

144 788 249 844 regem,
279 787 364 845 quem
386 769 542 844 impulsum
563 769 599 826 ad
620 769 728 827 bellum
781 787 839 844 quo
869 770 945 827 victo
980 771 1017 829 ad
1039 771 1176 828 Prusiam
1207 770 1364 844 Bithyniae
1417 776 1418 780 ’

144 863 282 919 Romanis
317 862 506 936 inferendum,
538 864 632 920 victus
663 882 726 919 oum

143 956 225 1032 regia
246 957 336 1015 classe
357 958 489 1016 deseruit.
532 958 597 1016 inde
611 959 728 1015 descen-

143 1051 186 1106 dit
215 1051 251 1108 ad
283 1052 418 1110 Prusiam
439 1052 593 1128 Bithyniae
622 1072 728 1128 regem,

144 1164 202 1220 quo
216 1147 330 1221 cognito
344 1146 468 1204 Romani
489 1129 640 1224 legatum
652 1146 728 1203 mit-

144 1246 223 1296 tunt
247 1240 284 1297 ad
304 1239 438 1298 Prusiam
460 1241 626 1314 Quintum
650 1241 727 1299 Fla·

144 1333 313 1410 minium¹)
350 1341 382 1392 ut
401 1335 457 1393 sibi
484 1335 601 1393 daretur
623 1338 727 1412 perdu-

780 881 877 938 regem
898 866 1038 922 concessit
1063 867 1138 923 unde
1159 865 1291 922 Romana
1320 865 1360 920 le-

780 957 898 1032 gatione
933 960 1073 1035 repetitus
1115 960 1202 1035 [auct.
1238 958 1274 1015 de
1307 959 1361 1015 vir.

778 1051 891 1109 ill.le
920 1053 1072 1126 Quintus
1097 1054 1297 1111 Flaminius
1317 1053 1363 1110 le-

778 1157 879 1225 gatus
899 1150 986 1208 etiam
1000 1150 1038 1207 ad
1053 1149 1190 1206 Prusiam
1204 1155 1236 1205 ut
1249 1148 1363 1205 Hanni-

778 1246 872 1302 balem
894 1249 1037 1319 repeteret
1061 1243 1201 1317 missus]
1224 1243 1362 1314 hausto,

779 1340 869 1416 quod
894 1339 957 1395 sub
988 1334 1085 1395 anuli
1108 1355 1239 1412 gemma
1263 1337 1363 1393 habe·

144 1429 254 1486 cendus
275 1430 311 1485 ad
326 1430 425 1487 urbem
439 1430 573 1487 Roma-mi
595 1432 671 1506 quod
692 1452 728 1489 ne
777 1435 848 1502 bat,
865 1452 993 1490 veneno
1004 1433 1172 1508 absumptus
1184 1441 1237 1504 est,
1251 1432 1362 1506 positus

143 1523 236 1594 fieret,
268 1524 417 1581 Hannibal
442 1526 566 1582 hausto
595 1545 727 1583 veneno

144 1619 238 1692 quod
268 1620 329 1677 sub
360 1619 457 1676 anuli
488 1638 619 1696 gemma
649 1622 726 1680 omni

143 1720 275 1788 tempore
295 1715 483 1787 habuerat,
503 1717 663 1792 praevenit.

242 1859 339 1917 Schol.
361 1859 390 1915 in
412 1859 515 1919 Juven.
538 1881 566 1936 p.
582 1864 636 1920 331

185 1969 346 2048 Virginiarn
364 1973 476 2047 Appius
491 1972 635 2032 decemvir
648 1976 728 2033 ada·

143 2074 272 2122 matam
306 2067 444 2137 clienti,
483 2087 568 2144 quern
607 2071 643 2128 ob
677 2071 729 2128 hoc

143 2160 416 2235 subornaverat,
455 2162 488 2222 in
522 2165 728 2223 servitutem

144 2253 342 2312 addixerat.
400 2268 520 2334 propter
555 2259 631 2334 quod
664 2278 727 2316 eam

143 2357 227 2424 pater
250 2347 399 2425 Virginius
429 2353 585 2426 interemit,
615 2353 728 2411 decern·

143 2442 216 2499 viris
245 2443 400 2518 imperium
431 2447 610 2522 abrogatum.
657 2451 727 2524 Ap-

143 2536 224 2611 pius
244 2537 277 2594 in
303 2557 441 2596 carcere
466 2551 607 2599 necatus
640 2544 726 2618 est).

778 1529 815 1585 ad
839 1528 996 1602 Libyssam
1023 1527 1053 1583 in
1084 1545 1153 1584 arca
1184 1527 1301 1602 lapidea
1330 1526 1363 1584 in

778 1643 837 1700 qua
857 1622 1000 1697 hodieque
1013 1622 1187 1699 inscriptum
1207 1632 1261 1680 est:
1282 1619 1363 1679 Han-

780 1719 858 1776 nibal
879 1717 926 1774 hio
946 1717 1020 1774 situs
1040 1723 1093 1774 est.

890 1871 964 1922 auct.
986 1864 1021 1920 de
1040 1863 1093 1922 vir.
1114 1862 1154 1920 ill.
1177 1862 1254 1918 XXI

781 2021 809 2038 ..
831 1978 947 2052 Appius
982 1974 1119 2032 Claudius
1152 1973 1317 2050 Virginiam
1333 2017 1362 2030 ..

781 2071 971 2130 adamavit.
1014 2089 1101 2144 quarn
1135 2088 1199 2126 cum
1234 2087 1363 2127 corrum-

780 2187 848 2243 pere
861 2184 921 2224 non
933 2175 1041 2240 posset,
1063 2164 1229 2222 clientem
1245 2163 1362 2220 subor-

780 2262 896 2332 narit,
924 2259 974 2336 qui
994 2278 1058 2316 eam
1086 2259 1122 2315 in
1152 2257 1364 2315 servitutem

780 2357 954 2432 deposceret.
997 2354 1084 2412 Pater
1104 2371 1168 2410 cum
1194 2352 1283 2409 filiam
1304 2350 1362 2408 iarn

779 2450 957 2509 addictam
988 2448 1099 2506 videret
1202 2446 1305 2504 occidit
1327 2487 1360 2504 ..

781 2547 887 2604 milites
910 2589 961 2604 ...
983 2543 1160 2601 decemviros
1178 2541 1313 2599 abdicare
1333 2559 1365 2597 se

782 2642 952 2717 magistratu
963 2645 1191 2714 praeceperunt.
1206 2678 1213 2691 .
1228 2633 1363 2710 Appius

781 2735 923 2794 Claudius
961 2735 996 2790 in
1034 2750 1173 2789 carcere
1215 2737 1382 2786 necatus

146 3017 296 3078 Servius
318 3023 355 3077 ad
375 3027 448 3082 Aen.
463 3025 488 3094 I,
513 3025 568 3083 272
588 3046 616 3103 p.
630 3027 667 3084 54
686 3026 728 3087 ed.

245 3097 328 3159 Lion.
351 3099 415 3175 (Vl,
440 3103 494 3160 778
515 3123 542 3179 p.
558 3105 638 3180 403).

186 3210 351 3268 Amulius
377 3218 412 3269 et
432 3212 601 3273 Numitor
627 3217 731 3274 fratres

146 3303 263 3360 fuerunt
312 3305 366 3362 filii
411 3306 531 3367 Procae.
597 3311 731 3369 Amulius

147 3407 244 3455 autem
265 3401 383 3470 fratrem
408 3403 532 3478 imperio
557 3405 730 3482 pepulit...

147 3493 240 3550 filiam
261 3515 329 3552 vero
351 3496 434 3554 Iliam
456 3498 582 3557 Vestae
614 3519 730 3557 sacer-

147 3588 265 3647 dotem
288 3590 372 3648 fecit
403 3600 440 3650 ut
471 3611 563 3668 spem
595 3593 731 3651 sobolis

148 3682 315 3742 auferret.
341 3685 429 3746 haec.
444 3687 624 3747 ..aMarte
645 3706 731 3744 com-

147 3794 274 3850 pressa
299 3789 351 3838 cst
383 3781 457 3838 unde
487 3781 547 3838 uati
578 3792 645 3840 suut
665 3781 731 3839 Re·

148 3890 222 3929 mus
243 3879 276 3931 et
296 3874 477 3947 Romulus,
498 3894 571 3950 quos
588 3894 732 3951 ...prae-

780 2839 840 2888 est.

917 3035 992 3084 auct.
1013 3023 1048 3080 de
1068 3023 1121 3079 vir.
1143 3021 1183 3080 ill.
1207 3021 1221 3077 I

821 3214 915 3272 Proca
928 3234 980 3271 rex
998 3213 1175 3271 Albanorum
1190 3209 1366 3268 Amulium

782 3316 816 3367 et
829 3307 1070 3384 Numitorem³)
1085 3308 1162 3365 filios
1177 3307 1287 3378 habuit,
1302 3305 1367 3380 qui-

783 3403 836 3460 bus
858 3423 977 3480 regnum
998 3404 1101 3459 annuis
1124 3402 1234 3458 vicibus
1259 3400 1366 3457 haben·

784 3498 853 3555 dum
874 3497 1047 3572 reliquit...
1061 3542 1066 3553 .
1082 3497 1132 3554 sed
1153 3496 1289 3554 Amulius
1308 3494 1367 3552 fra-

782 3590 821 3647 tri
841 3591 994 3666 imperium
1009 3610 1069 3648 non
1087 3591 1168 3649 dedit
1188 3597 1218 3649 et
1239 3599 1273 3648 ut
1292 3609 1366 3648 eum

784 3685 904 3742 sobole
929 3686 1099 3760 privaret,
1125 3685 1216 3742 Ream
1244 3685 1367 3744 Silviam

782 3779 874 3837 filiam
906 3781 967 3837 eius
991 3779 1122 3838 Vestae
1152 3780 1366 3838 sacerdotem

782 3874 958 3951 praefecit
982 3881 1015 3932 ut
1040 3875 1206 3951 virginitate
1225 3880 1368 3951 perpetua

148 3969 261 4043 cipitari
281 3969 369 4026 iussit
389 3970 418 4026 in
441 3969 630 4030 Tiberim...
650 3971 732 4045 pueri
783 3979 940 4041 teneretur,
972 3987 1062 4044 quae
1087 3988 1105 4025 a
1131 3968 1246 4026 Marte
1276 3987 1366 4026 coru·

219 4138 244 4196 1)
268 4133 380 4202 Uterque
409 4133 439 4196 Q.
467 4133 627 4186 Flaminium
655 4149 701 4202 pro
729 4135 759 4188 T.
788 4133 912 4196 Quinctio
940 4133 1088 4186 Flaminino
1118 4132 1197 4200 ponit.
1234 4135 1367 4185 auctorem

150 4221 239 4271 autem
258 4219 416 4272 scholiorum
435 4235 448 4272 e
466 4221 561 4273 Nostro
584 4237 632 4272 sua
655 4221 763 4272 minime
786 4220 978 4288 deprompsisse
1002 4219 1064 4271 iude
1086 4225 1205 4288 apparet,
1233 4217 1301 4286 quod
1325 4217 1367 4270 hic

151 4305 181 4357 de
201 4306 353 4358 Hannibalis
373 4305 449 4358 exilio
469 4311 547 4369 tacet,
567 4305 612 4356 ille
630 4306 709 4357 verba
727 4307 797 4358 lacit.

219 4395 244 4454 2)
263 4390 410 4460 Schwegler
427 4391 451 4444 h.
472 4391 503 4443 R.
522 4391 567 4458 ΙΙΙ,
585 4407 610 4459 p.
630 4397 661 4446 89
681 4408 707 4444 n.
725 4399 739 4443 2
760 4391 830 4444 hunc
848 4391 1006 4443 scholiorum
1024 4391 1113 4450 locum
1131 4391 1228 4450 omisit.

219 4477 245 4544 3)
262 4478 364 4531 Mutato
382 4477 472 4532 ordine
492 4477 587 4530 Procae
606 4475 653 4532 filii
672 4477 703 4534 ab
724 4480 834 4553 utroque
853 4477 1006 4538 afferuntur,
