3258 5186
781 542 821 606 75

195 740 304 826 paucis
326 740 404 805 locis
426 741 579 823 concinat,
604 740 789 807 Ciceronem
812 766 937 830 quoque
960 765 1036 809 esse.
1070 743 1157 829 atqui
1173 743 1227 809 ille
1242 767 1412 811 consensus

196 840 350 905 eiusmodi
373 854 429 921 est,
463 852 583 906 utnon
610 844 712 908 solum
739 845 837 908 multa
864 845 985 910 eisdem
1011 846 1076 910 fere
1103 845 1210 910 verbis
1237 856 1411 927 narrentur,

197 942 253 1006 scd
284 942 378 1008 etiam
410 944 561 1008 nonnulla
587 945 649 1009 nisi
681 945 765 1032 apud
795 943 981 1012 Ciceronem
1015 956 1046 1012 et
1078 955 1239 1010 auctorem
1271 958 1414 1013 nostrum

196 1067 354 1130 nusquam
376 1046 585 1112 inveniantur.
631 1045 716 1132 quod
739 1069 807 1111 cum
832 1049 946 1112 summi
967 1048 1120 1113 momenti
1141 1047 1219 1112 mihi
1235 1050 1339 1116 visum
1362 1050 1411 1129 sit,

197 1169 251 1211 eos
273 1146 370 1228 locos,
398 1149 452 1235 qui
475 1147 551 1213 mihi
573 1149 787 1229 occurrebant,
817 1149 964 1214 collectos
991 1172 1133 1236 propono
1160 1173 1262 1235 neque
1292 1151 1411 1235 dubito,

196 1249 272 1333 quin
293 1249 329 1330 is,
354 1249 409 1335 qui
430 1251 603 1315 maioribus
626 1248 755 1326 viribus,
779 1272 872 1335 quam
895 1251 1008 1336 quibus
1030 1251 1128 1316 utitur
1150 1253 1218 1332 tiro,
1241 1252 1413 1318 instructus

195 1374 260 1415 rem
283 1353 406 1438 penitus
429 1351 643 1439 anquisiverit,
669 1352 767 1417 multo
790 1351 939 1417 maiorem
965 1375 1131 1418 numerum
1152 1353 1186 1417 in
1211 1353 1314 1418 lucem
1340 1377 1413 1439 pro·

195 1450 277 1517 ferre
299 1455 406 1540 possit.

280 1554 326 1618 Hi
347 1565 453 1620 autern
473 1553 553 1619 mihi
575 1556 782 1620 occurrebant
803 1554 878 1620 loci:

196 1705 255 1767 Cic.
276 1707 311 1765 16
329 1728 388 1785 rep.
404 1708 443 1782 II,
465 1709 492 1781 8,
515 1709 550 1766 14
570 1727 598 1783 p.
617 1709 670 1766 169
685 1708 776 1767 Osan.
933 1717 1006 1768 auct.
1028 1710 1064 1768 dc
1085 1707 1138 1768 vir.
1159 1708 1200 1769 ill.
1220 1708 1258 1782 ll,
1282 1712 1314 1768 11

196 1864 202 1878 .
228 1864 234 1878 .
256 1820 416 1896 principes,
453 1819 504 1896 qui
537 1820 677 1896 appellati
711 1826 779 1878 sunt
829 1829 943 1878 centum
963 1829 1110 1879 senatores
1124 1827 1258 1897 patresa
1277 1821 1414 1896 pietate

195 1919 317 1988 propter
337 1913 523 1971 caritatem
543 1924 651 1990 patres.
829 1915 999 1992 appellavit.

281 2073 391 2140 Livius
417 2075 457 2159 [I,
481 2076 511 2156 8,
535 2077 567 2159 7]
595 2079 654 2158 „ab
677 2077 826 2159 honore“,
850 2063 1019 2144 Sallustius
1042 2077 1126 2162 [Cat.
1143 2078 1200 2160 VI,
1224 2082 1243 2145 6
1267 2081 1322 2148 611.
1337 2079 1414 2146 Isid.

199 2177 277 2261 orig.
297 2176 358 2257 IX,
381 2180 411 2258 4,
436 2179 487 2259 10,
512 2176 601 2243 Serv.
623 2178 665 2242 ad
686 2183 768 2244 Aen.
785 2179 824 2260 V,
849 2182 910 2244 758
932 2204 962 2266 p.
981 2181 1051 2262 345,
1075 2180 1149 2246 Zon.
1174 2179 1248 2263 VII,
1273 2187 1292 2247 3
1314 2205 1345 2268 p.
1363 2185 1415 2264 91,

197 2277 382 2364 Hieronym.
407 2279 514 2345 chron.
538 2304 566 2367 p.
585 2281 625 2345 83
645 2281 693 2346 ed.
720 2280 868 2364 Schoen]
905 2283 974 2364 „vel
1001 2291 1103 2348 aetate
1132 2283 1183 2348 vel
1209 2306 1301 2348 curae
1329 2284 1416 2347 simi-

196 2379 358 2459 litudine“,
385 2381 557 2467 Eutropius
581 2381 620 2467 ]Ι,
644 2381 676 2466 2]
704 2393 850 2469 ,propter
872 2387 1084 2449 senectutem“
1107 2393 1213 2472 patres
1235 2408 1289 2450 eos
1308 2386 1416 2472 appel-

198 2481 277 2546 latos
300 2505 367 2548 esse
390 2482 526 2549 tradunt.
561 2484 678 2548 Noster
699 2485 795 2569 igitur
818 2486 960 2570 proxime
983 2486 1023 2550 ad
1041 2486 1228 2553 Ciceronem
1247 2487 1414 2571 accedit')

236 2615 297 2676 Cic.
319 2618 355 2676 de
375 2637 436 2694 rep.
456 2618 497 2688 ΙΙ,
525 2620 568 2693 10,
590 2618 627 2676 10
647 2639 675 2695 p.
693 2621 747 2678 175
929 2627 1006 2683 auct.
1028 2624 1063 2681 de
1083 2624 1136 2682 vir.
1158 2624 1199 2682 ill.
1220 2624 1260 2693 II,
1288 2625 1320 2681 13

200 2748 260 2786 ..a
281 2747 312 2786 66
332 2730 426 2788 visum
447 2748 511 2788 6666
530 2730 558 2787 16
581 2751 615 2790 66
634 2733 707 2790 66116
721 2733 781 2790 Ro·
834 2733 1029 2792 ..Romulum
1050 2754 1067 2790 a
1087 2753 1118 2792 66
1136 2735 1165 2792 in
1183 2735 1256 2794 colle
1270 2733 1417 2808 Quirinali

199 2822 317 2895 mulum,
338 2825 388 2900 qui
412 2845 488 2883 nunc
509 2824 671 2897 Quirinalis
697 2833 782 2885 voca?
833 2827 983 2886 visum...

198 2922 252 2973 tur.

282 3045 377 3112 Hanc
399 3070 464 3112 rem
487 3049 547 3114 nisi
570 3049 651 3136 apud
676 3047 864 3116 Ciceronem
885 3060 916 3115 61
938 3052 1087 3116 Nostrum
1114 3073 1273 3136 nusquam
1297 3050 1415 3117 inveni.

238 3217 295 3276 Cic.
317 3217 354 3275 de
372 3238 433 3295 rep.
455 3219 495 3291 II,
519 3221 563 3290 18,
585 3221 621 3277 33
642 3238 670 3296 p.
689 3222 744 3280 190
940 3226 1016 3280 auct.
1038 3222 1073 3279 16
1093 3222 1146 3280 vir.
1167 3222 1208 3279 111.
1230 3221 1267 3296 V,
1291 3225 1302 3279 1

238 3329 361 3405 [Ancus]
390 3329 503 3387 Numae
529 3329 666 3408 Pompilii
692 3350 782 3408 nepos
835 3333 959 3415 [Ancus]
985 3333 1101 3392 Numae
1126 3333 1268 3409 Pompilii
1294 3353 1331 3391 ex
1356 3332 1418 3390 filia

199 3441 236 3480 ex
255 3422 318 3480 11116
330 3466 355 3480 ..
831 3446 960 3505 nepos..

204 3571 402 3582 Ἥ

199 3655 319 3708 16116616
338 3656 408 3709 steht
426 3674 453 3709 es
471 3658 530 3720 1661,
549 3655 609 3710 1666
628 3673 657 3710 66
676 3662 724 3726 gut
743 3659 789 3710 wic
808 3659 858 3710 6116
877 3658 997 3722 Notiaen,
1016 3659 1057 3710 116
1076 3674 1123 3711 aus
1141 3657 1288 3712 1661166166
1302 3658 1415 3723 Quellen

199 3748 341 3804 6161111161,
360 3741 511 3795 1611661661
529 3742 614 3795 61111.1

271 3828 293 3894 1)
312 3827 403 3880 Cetera
421 3828 528 3881 Romuli
551 3829 676 3882 instituta
697 3829 770 3882 aliud
794 3845 826 3881 611
848 3830 899 3882 6116
921 3829 994 3882 16616
1024 3830 1178 3900 deprompta
1203 3829 1325 3883 videntur
1352 3843 1419 3884 6666.

200 3914 297 3966 etenim
324 3918 378 3967 tres
401 3915 461 3967 illas
489 3915 609 3983 antiquas
638 3915 730 3979 tribus,
757 3916 930 3979 Ramnenses,
960 3917 1052 3980 Tities,
1078 3916 1200 3982 Luceres,
1228 3916 1298 3968 sicut
1325 3915 1419 3968 Livius

201 3998 233 4066 [1,
255 4003 293 4066 13,
308 4005 321 4052 7
337 4016 360 4054 v.
374 3999 566 4067 Schweglerum
579 3999 604 4052 h.
615 4001 645 4054 R.
657 4001 677 4067 I,
696 4006 745 4055 498
757 4019 784 4055 n.
794 4001 820 4066 1]
833 4001 899 4054 16166
916 4002 1270 4071 ,11666661161116661611661
1289 4001 1418 4055 nominat.

200 4086 294 4138 deinde
310 4087 433 4154 originem
443 4087 565 4138 'nominis
580 4085 711 4138 Lucerum
729 4105 743 4138 6
763 4087 1046 4152 ,166166111116616661
1062 4087 1135 4140 ducit
1151 4087 1209 4153 [611.
1225 4104 1248 4154 p.
1256 4091 1289 4140 24
1303 4103 1330 4140 n.
1341 4085 1377 4154 2]‚
1392 4085 1418 4138 id

200 4172 270 4241 quod
294 4173 344 4224 nisi
367 4173 437 4240 apud
460 4171 631 4225 Plutarchum
656 4169 692 4239 [r.
711 4172 785 4226 Rom.
805 4173 858 4226 XX
878 4191 903 4242 p.
917 4175 971 4240 35],
998 4171 1257 4226 Pseudo-Ascanium
1286 4173 1325 4237 [iu
1346 4172 1418 4225 Verr.

200 4274 226 4326 p.
241 4261 289 4312 159
314 4258 377 4324 Or.],
405 4257 579 4311 Scholiastam
608 4258 679 4310 Pers.
707 4258 739 4323 [1,
765 4263 798 4312 10
816 4276 842 4327 p.
859 4264 909 4313 152
932 4259 972 4312 ed.
996 4257 1085 4323 Jahn]
1121 4273 1252 4326 nusquam
1285 4262 1419 4327 praeterea

200 4345 342 4402 invenitur.
369 4345 481 4413 denique
502 4345 624 4410 plebem
642 4344 669 4396 iu
683 4345 792 4413 triginta
805 4346 890 4398 curias
903 4345 1070 4398 distributam
1084 4361 1150 4409 esse,
1169 4348 1273 4411 praeter
1285 4348 1420 4398 auctorem

200 4431 233 4482 16
252 4431 300 4484 111.
317 4431 356 4483 111.
375 4431 448 4483 66166
466 4431 611 4498 Dionysius
630 4429 663 4494 ll,
683 4434 697 4481 7
716 4446 743 4498 p.
757 4435 805 4483 126
825 4433 862 4497 [v.
875 4431 1069 4500 Schweglerum
1088 4428 1112 4483 h.
1132 4430 1162 4482 R.
1182 4431 1193 4482 l
1213 4447 1236 4500 p.
1250 4431 1312 4496 627]
1333 4430 1420 4485 tradit.
