3218 5174
799 415 840 480 20

713 505 914 514 ——-.-.-—-

205 643 287 702 esse,
317 619 371 707 qui
400 641 502 705 neque
531 616 569 682 de
595 618 754 704 triumpho
781 618 821 683 de
842 617 961 704 Illyriis
987 625 1057 680 acto
1078 637 1179 700 neque
1201 613 1240 679 de
1261 613 1426 701 peculatus

206 721 376 796 crimine1)
404 719 472 803 [cfr.
485 718 767 784 Pseudo-Frontin.
788 720 847 801 IV,
872 723 900 799 1,
923 720 974 799 45,
998 740 1028 804 p.
1045 719 1086 781 84
1102 716 1149 781 ed.
1168 714 1296 798 Deder.]
1323 737 1426 800 neque

206 824 245 889 de
266 824 326 888 illa¹
344 821 491 909 stipendii
514 822 724 907 privationel)
742 824 838 887 verba
859 821 962 886 faciat.
997 818 1110 884 deinde
1130 818 1222 904 plane
1243 837 1427 902 perversum

205 926 284 991 mihi
312 925 435 990 videtur
462 946 530 989 esse
560 947 585 990 c.
614 921 661 986 LI
694 923 747 1008 [de
776 923 811 988 T.
840 921 989 1003 Quinctio
1012 919 1203 1002 Flaminino]
1233 917 1273 982 ad
1299 916 1427 981 Livium

206 1029 332 1093 referre.
349 1026 466 1092 etenim
481 1025 592 1090 Livius
606 1024 729 1108 [XXX
756 1027 803 1104 11,
829 1027 856 1104 1,
881 1023 936 1088 cfr.
953 1022 1047 1087 Diod.
1064 1021 1174 1100 XXX,
1199 1021 1228 1101 5,
1251 1044 1281 1107 p.
1298 1019 1360 1084 396
1377 1017 1426 1084 ed.

206 1129 305 1195 Dind.
319 1131 404 1215 App.
419 1128 502 1192 Mac.
515 1126 572 1206 IV,
595 1150 626 1212 p.
642 1127 715 1209 166]
740 1151 809 1191 uuo
831 1134 956 1213 pastore
972 1123 1060 1204 duce,
1083 1131 1190 1188 noster
1206 1121 1274 1205 [111.
1291 1121 1417 1186 Plutv

205 1231 308 1296 Flam.
332 1230 395 1310 IV,
418 1253 449 1316 p.
472 1230 548 1293 442·
578 1229 777 1312 προσῆλθον
803 1218 984 1308 ἄνθρωποι
1007 1224 1071 1286 τῶν
1092 1215 1217 1286 or'cobc
1245 1215 1425 1307 νεμόντων]

208 1331 342 1398 ducibus
366 1342 438 1418 past
425 1331 546 1396 toribus
568 1330 782 1395 Flamininum
808 1328 1004 1418 provinciam
1025 1326 1200 1412 ingressum
1225 1349 1295 1391 esse
1317 1313 1427 1406 tradit·

207 1434 319 1499 Livius
340 1434 427 1498 illum
456 1432 658 1518 Epirotarum
685 1433 862 1519 principem
889 1429 1085 1516 Charopum,
1110 1439 1184 1494 nos
1185 1451 1220 1493 er
1247 1427 1430 1515 Charopem

208 1545 315 1614 11111,
290 1536 456 1600 tLivins
484 1533 656 1618 [XXXIV,
682 1537 739 1615 41,
767 1534 800 1618 3]
828 1533 955 1598 Nemeis
981 1531 1192 1615 Argivorum,
1225 1541 1298 1596 nost
1300 1553 1333 1596 11
1358 1529 1427 1614 [111.

208 1637 292 1703 Flor.
316 1637 342 1719 I,
367 1639 416 1720 23,
440 1663 469 1726 p
486 1641 526 1703 42
550 1648 627 1705 extr.
590 1635 700 1702 tre.d
724 1586 830 1717 dahn,
852 1633 1012 1699 Plutarch.
1036 1656 1063 1697 1
1088 1631 1188 1698 Flam.
1204 1631 1282 1714 XII,
1305 1656 1335 1719 p
1352 1633 1428 1696 448.

209 1736 278 1802 ἐκεῖ
300 1761 372 1814 τοις
386 1733 525 1823 ’1111111
546 1734 605 1822 τὴν
627 1728 865 1819 ἐλευθερίαν
847 1732 915 1801 απὸ
944 1728 1091 1818 κήρυκος
1117 1725 1264 1817 ἀνεῖπεν]
1290 1733 1431 1799 omnium
1541 1765 1547 1776 ·

210 1839 403 1908 Graecorum
435 1843 612 1907 libertatem
633 1839 867 1927 pronuntiatam
896 1861 965 1904 esse
997 1837 1116 1901 scribit
1095 1836 1285 1922 tdenique
1317 1835 1430 1922 quibus

211 1945 406 2029 argumentis
434 1943 633 2031 comprobari
658 1942 773 2030 possit,
802 1964 826 2006 c.
850 1940 931 2005 LIII
958 1938 1012 2025 [de
1040 1938 1067 2002 L
1102 1936 1249 2025 Scipione
1271 1937 1428 2020 Asiatico]

211 2071 228 2112 e
257 2046 346 2112 Livio
373 2046 510 2127 fluxisse,
541 2069 592 2110 me
614 2045 705 2130 fugit.
741 2067 842 2129 neque
876 2045 959 2108 enim
992 2040 1162 2127 quicquam
1192 2039 1276 2127 apud
1302 2039 1431 2104 Livium

210 2147 331 2213 invenit
333 2173 369 2230 ur
386 2151 451 2213 aut
476 2147 515 2212 de
542 2147 681 2233 corporis
705 2145 836 2210 infirmit
824 2154 888 2210 tate
915 2153 969 2208 aut
956 2143 1035 2208 tde
1061 2141 1208 2208 laudibus
1235 2166 1254 2206 a
1275 2143 1431 2206 fratrem

209 2250 381 2333 Africa³)
415 2249 553 2335 acceptis
588 2259 641 2313 aut
628 2248 712 2313 tde
739 2270 818 2334 equo
853 2244 1028 2331 Scipioni
1020 2245 1251 2330 ignominiae
1278 2244 1431 2327 causa⁴)
1486 2321 1495 2334 .

211 2349 381 2438 adempto
397 2350 465 2436 [cfr.
500 2349 727 2416 Ρ111.11.Ο11.
761 2347 834 2412 mai.
872 2346 1003 2429 XVIII,
1038 2371 1068 2434 p.
1102 2349 1179 2412 413.
1215 2334 1430 2466 ὲὸ1ξ1ν1ἷον

213 2449 404 2537 ἐφυβρίζων
421 2443 615 2536 Ἀφρικάνῳ
638 2447 811 2530 Σκηπίωνι
833 2449 932 2511 τοῦτο
957 2398 1093 2532 adreio}
1229 2487 1230 2492 .

298 2553 421 2668 Quibus
449 2554 604 2641 capitibus
630 2553 828 2640 perlustratis
858 2551 934 2616 satis
962 2551 1039 2615 mihi
1065 2550 1175 2615 videor
1202 2550 1433 2615 demonstrasse

211 2656 290 2743 ipsis
313 2656 358 2721 eis
381 2657 543 2742 exemplis
567 2678 647 2742 quae
670 2654 810 2719 Kochler
831 2653 1024 2740 protulit,
998 2675 1064 2717 erus
1087 2653 1272 2716 sententiam
1293 2650 1431 2714 refutari.

213 2765 309 2845 quare
326 2759 469 2844 quamvis
492 2780 517 2823 c.
533 2757 679 2822 XLVIII
706 2781 723 2821 e
744 2755 835 2820 Livio
862 2763 1021 2841 sumptum
1049 2777 1117 2819 esse
1135 2755 1221 2818 nullo
1248 2760 1432 2837 argumento

213 2860 354 2926 refellere
370 2885 420 2925 me
435 2881 528 2945 posse
544 2859 703 2939 confitear,
727 2868 833 2921 tamen
853 2857 926 2943 quia
947 2855 1051 2920 nullus
1073 2857 1250 2937 verborum,
1275 2855 1332 2920 sed
1349 2854 1433 2919 solus
1509 2906 1514 2916 .

88 3001 91 3007 -
212 2984 317 3026 rerum
340 2971 444 3026 exstat
466 2983 652 3040 consensus,
684 2959 780 3023 huius
807 2981 937 3024 causam
958 2956 1032 3021 inde
1054 2968 1176 3045 repeto,
1205 2956 1287 3044 quod
1314 2965 1432 3036 auctor,

213 3086 306 3149 quem
321 3063 437 3128 Noster
459 3064 607 3148 sequitur,
631 3061 771 3126 eiusdem
792 3084 829 3125 ac
842 3060 955 3125 Livius
978 3058 1138 3145 scriptoris
1160 3059 1295 3145 vestigia
1309 3058 1432 3145 premit.

197 3247 201 3256 .
299 3164 457 3251 Hauptius
484 3186 574 3251 capp.
597 3162 747 3228 XXXVI
773 3174 804 3228 et
830 3161 925 3226 LXX
956 3183 1078 3247 quoque
1105 3161 1146 3224 ad
1174 3159 1299 3227 Livium
1328 3159 1433 3241 refert,

213 3265 295 3351 quod
307 3265 384 3329 mihi
402 3264 528 3352 quidem
541 3264 721 3350 negandum
731 3264 855 3330 videtur
870 3286 947 3328 esse.
983 3285 1055 3326 nam
1072 3261 1145 3327 licet
1159 3261 1273 3348 capitis
1285 3260 1434 3327 XXXVI

212 3363 965 3453 11111,1111111ρ111111111111111111011111
979 3362 1051 3448 [11,
1060 3366 1089 3444 5,
1103 3388 1132 3451 p.
1143 3365 1204 3428 223
1217 3364 1265 3430 ed.
1277 3364 1430 3448 Harena]

215 3469 392 3549 concinant,
417 3477 524 3532 tamen
545 3466 610 3531 dux
624 3467 677 3533 ille
700 3492 719 3532 a
741 3467 891 3532 Romanis
915 3475 1024 3530 contra
1039 3465 1254 3531 Volsinienses
1276 3465 1392 3530 missus
1415 3488 1434 3529 a

212 3569 306 3633 Floro
330 3568 369 3651 [I,
400 3571 453 3650 16,
481 3593 511 3656 p.
536 3570 591 3651 26]
615 3579 646 3633 11
667 3569 772 3633 Dione
796 3567 891 3655 [apud
914 3567 1068 3632 Zonaram
1090 3566 1187 3649 VIII,
1222 3571 1257 3650 1,
1290 3592 1321 3654 p.
1347 3553 1442 3650 1941,

213 3693 292 3756 quos
306 3670 390 3735 Livii
405 3679 612 3735 assectatores
628 3692 698 3735 esse
714 3679 845 3750 constat,
862 3669 979 3734 Fabius
995 3679 1132 3750 vocatur,
1150 3679 1290 3735 anostro
1307 3677 1433 3734 auctore

213 3773 330 3840 Decius
358 3773 441 3838 Mus.
476 3773 613 3859 itemque
636 3767 775 3837 ¹minime
809 3794 879 3835 cum
905 3770 1048 3859 Hauptio
1081 3770 1243 3836 consentio
1270 3770 1433 3836 fortuitum

282 3964 307 4022 1)
325 3959 418 4012 bivios
437 3959 527 4026 XXII,
547 3965 588 4026 35,
607 3964 635 4023 3,
658 3958 773 4022 XXVII,
793 3963 834 4023 34,
854 3965 882 4023 3,
906 3959 1009 4024 XXIX,
1028 3955 1073 4020 37,
1096 3963 1184 4012 trem
1203 3959 1299 4011 leviter
1316 3952 1433 4025 attingit.

281 4046 351 4112 1)1.
370 4047 564 4099 Mommsenum
583 4044 658 4099 Rem.
677 4045 788 4098 Staatsr.
806 4045 840 4111 Il,
858 4062 884 4114 p,
898 4051 948 4099 405
968 4063 992 4098 n.
1015 4049 1038 4099 3.

281 4135 308 4196 3)
327 4131 418 4184 Livius
437 4129 565 4195 XXVIII,
589 4136 618 4195 4,
641 4135 656 4183 2
680 4130 860 4209 [,collaudatc
883 4132 992 4198 fratre“]
1015 4133 1048 4183 11
1066 4130 1230 4200 Hispania
1252 4146 1313 4182 eum
1336 4129 1435 4183 111111

212 4218 292 4270 fratre
310 4217 455 4271 laudatum.

280 4307 306 4372 4)
326 4320 349 4357 1.
368 4302 667 4359 111111111111111.
687 4301 706 4366 l,
725 4319 751 4372 p.
765 4294 814 4358 198'
834 4306 915 4355 n.3=
928 4303 1033 4370 Quaest
1057 4305 1128 4358 Rom.
1144 4305 1177 4367 ll,
1198 4319 1222 4372 p.
1235 4309 1284 4358 477
1306 4321 1330 4357 n.
1353 4309 1410 4360 127.
