3258 5186
753 495 793 558 99

670 582 872 590 -——

247 694 365 754 Codex
386 687 663 754 Laurentianus.
917 696 1039 756 Codex
1060 698 1271 758 Vaticanus

163 813 337 872 Sdederuut
355 811 463 888 Vegios
483 815 586 891 hyeme
600 815 749 874 obsidione
800 816 909 875 Vehios
919 818 1013 876 hieme
1024 818 1176 876 obsidione
1244 816 1387 876 lcrimini

162 908 282 978 domuit,
294 908 330 966 de
340 907 442 983 hisque
504 910 639 970 leston.
701 911 748 969 die
800 911 965 969 detumeat
1038 912 1160 988 predum
1181 912 1279 987 inique
1352 914 1388 972 ab

161 1003 241 1061 dicta
261 1002 386 1078 Apuleio
401 1001 558 1062 Saturnino
578 1003 611 1080 (a
631 1002 666 1061 L.
683 1005 748 1079 om.)
800 1004 914 1081 epuleio
936 1007 1090 1064 saturnino
1112 1007 1227 1065 tribuno
1248 1007 1287 1082 pl.

221 1093 393 1154 bscenones
476 1096 596 1156 Clusum
689 1099 748 1156 Ro·
801 1100 907 1177 'lapud
921 1101 1059 1159 Albulam
1119 1101 1168 1159 die
1180 1106 1264 1158 sexta
1277 1100 1389 1158 decima

161 1189 240 1246 muni
261 1199 319 1246 tres
392 1189 593 1248 bsceuonum
661 1192 747 1268 ipe·
800 1194 957 1270 nephastos
1025 1195 1149 1254 Albuleri
1214 1194 1388 1253 Siuventus

160 1283 222 1341 titis
243 1283 273 1341 in
293 1283 525 1360 dedignationem
650 1285 749 1343 Aliam
800 1307 863 1345 curn
884 1286 1003 1345 Manilio
1063 1295 1238 1348 servataest
1297 1289 1388 1346 inter·

200 1376 352 1435 Kalendas
363 1395 414 1434 orn.
475 1378 602 1437 Aliensis
658 1379 748 1454 Spri·
800 1381 909 1440 uitione
975 1384 1008 1441 10
1028 1382 1128 1440 vebios
1149 1382 1294 1440 nolentem

158 1491 241 1529 mum
262 1476 295 1529 ut
354 1473 482 1529 venerati
496 1480 564 1531 sunt
622 1473 748 1532 9Mam-

158 1565 202 1624 lio
275 1575 391 1625 serrata
411 1575 457 1624 est
516 1555 554 1624 ¹in
574 1567 748 1626 dormitione

158 1660 269 1718 occidit
341 1659 450 1737 Vegios
463 1660 608 1719 volentem
623 1661 747 1721 detinuit

200 1773 263 1846 lisa.
285 1776 374 1847 xxiv,
400 1774 413 1829 1
436 1773 472 1830 ob
492 1772 644 1832 defensum
659 1773 746 1848 Capi·
839 1779 901 1848 Gau.
919 1778 1006 1846 ΧΧΝ,
1030 1778 1043 1833 1
1067 1775 1160 1833 dictus
1181 1783 1226 1835 est
1286 1776 1386 1835 volun·

158 1867 262 1924 lolium
356 1865 551 1941 voluptarium
574 1867 694 1927 militem
716 1888 747 1926 se
799 1871 905 1928 tarium
926 1891 956 1929 se
977 1870 1083 1928 obtulit
1103 1869 1225 1928 militem
1302 1872 1387 1929 31η-

158 1961 274 2019 obtulit.
295 1960 401 2019 XXllI
420 1961 567 2018 cicatrices
582 1962 611 2019 in
626 1981 747 2039 corpore
798 1965 895 2042 giendi
957 1967 1076 2025 diarce
1095 1965 1221 2023 donatus
1241 1967 1299 2041 (est
1319 1968 1386 2040 out.)

158 2055 714 2133 habuit.Trigintaseptemmilitaribus
799 2060 904 2117 boum
924 2079 943 2116 u
963 2067 1066 2118 senatu
1087 2059 1269 2135 suppresiese
1338 2079 1386 2116 ar·

158 2149 321 2226 3iugiendi
335 2151 366 2207 in
386 2149 563 2226 Capitolium
582 2161 680 2208 auctor
694 2152 749 2209 luit
798 2162 935 2230 gueretur
993 2153 1156 2231 suspicione
1167 2172 1218 2212 orn.
1278 2152 1385 2211 86611-

158 2245 384 2323 4(afarreoru.)
460 2247 548 2304 etiarn
559 2245 706 2324 publicam
716 2247 747 2303 in
799 2249 890 2306 tilitas
911 2249 972 2306 eius
993 2247 1097 2306 Manlii
1117 2247 1287 2324 cognomine
1307 2247 1386 2305 iura·

160 2338 308 2415 Capitolio
381 2341 478 2401 boum
492 2362 511 2399 a
524 2340 634 2400 Senatu
649 2361 747 2416 sump·
800 2343 854 2402 vit:
876 2362 912 2400 ne
933 2343 998 2419 quis
1017 2349 1122 2419 postea
1137 2340 1314 2417 capitolinus
1335 2361 1385 2398 ro-

159 2434 232 2492 sisse
253 2433 387 2494 Gallicos
401 2435 564 2511 triumphos
579 2441 747 2512 urgueretur
799 2450 920 2498 caretur.

163 2537 190 2585 et
210 2529 325 2587 additos
428 2531 591 2607 suspicione
612 2549 663 2588 otu.

161 2624 178 2679 7
189 2623 343 2682 damnatus
354 2624 390 2683 de
402 2625 443 2700 (et
454 2626 521 2701 om.)
604 2624 622 2682 8
644 2621 746 2680 Manlii

160 2717 329 2792 cognomine
355 2719 462 2778 iuravit
486 2739 522 2776 ue
549 2718 613 2795 quis
643 2722 746 2794 postea

160 2813 342 2890 Capitolinus
365 2819 522 2873 vocaretur.

197 2926 259 2998 Gau.
282 2929 359 2999 Xllll,
399 2929 408 2982 l
438 2925 474 2981 ad
500 2943 572 3000 quos
592 2923 627 2995 Q.
649 2921 745 2981 Cinci·
837 2926 899 2995 dau.
922 2925 997 2995 XXV,
1021 2925 1033 2980 l
1058 2912 1195 2996 Quintius
1217 2920 1383 2980 Cincinutus

159 3027 242 3080 uatus
317 3019 451 3078 Laertem
473 3019 656 3078 Toluminum
728 3036 746 3074 a
836 3017 971 3076 Laertem
983 3016 1164 3075 tollumnium
1211 3014 1385 3074 SaRomulo

159 3114 282 3174 Romulo
319 3115 499 3173 consecrarit
534 3113 622 3189 [nullo
655 3115 745 3188 spatio
797 3113 974 3170 consecravit
1000 3110 1087 3186 [nullo
1110 3112 1202 3186 spatio
1222 3112 1384 3184 interposito

158 3209 332 3285 interposito]
358 3208 417 3265 Hic
436 3209 513 3267 bello
536 3207 671 3266 Samuico
691 3207 745 3263 sub
797 3217 845 3264 out
874 3208 973 3282 capide
1001 3205 1077 3263 tdulo
1106 3204 1307 3279 superscripto]
1338 3202 1385 3260 hio

197 3303 340 3380 angustiis
351 3301 454 3379 (Gauri
467 3303 532 3379 om.)
612 3300 744 3359 2custo·
797 3301 874 3360 bello
895 3300 1042 3360 Sannitico
1111 3298 1236 3356 tribunis
1257 3295 1384 3355 militnm

158 3397 363 3455 diasasomno
428 3395 505 3456 301>
515 3396 567 3455 hec
637 3412 745 3453 corona
797 3397 814 3453 3
849 3397 886 3454 ab
922 3395 1047 3453 exercitu
1082 3393 1173 3450 civico
1207 3409 1316 3448 corona
1349 3391 1385 3448 de

158 3490 194 3547 de
214 3510 320 3566 quercu
351 3509 407 3567 que
438 3492 466 3549 ei
495 3491 661 3560 debebatur,
695 3490 745 3564 qui
797 3510 903 3566 quercu
934 3509 987 3564 que
1020 3489 1145 3546 dabatur
1169 3487 1196 3544 ei
1226 3487 1275 3562 qui
1306 3485 1384 3544 cives

158 3586 236 3642 cives
256 3587 285 3641 in
307 3584 384 3644 bello
404 3592 550 3643 servasset
569 3582 745 3642 obsidionali
796 3585 825 3641 in
853 3584 930 3642 bello
960 3595 1106 3640 servasset
1136 3579 1311 3640 obsidionali
1343 3598 1383 3638 sc.

158 3699 181 3738 s.
203 3698 291 3736 aurea
311 3698 366 3754 que
387 3680 546 3738 debebatur
564 3680 590 3735 ei
605 3679 654 3754 qui
668 3680 745 3736 cives
797 3698 884 3736 aurea
903 3697 957 3752 qua
977 3677 1100 3734 dabatur
1121 3677 1147 3734 ei
1167 3676 1214 3750 qui
1236 3674 1384 3732 obsidione

157 3773 310 3832 obsidione
330 3773 482 3832 liberasset
503 3773 658 3831 damnatus
797 3772 875 3830 cives
905 3772 1068 3844 liberasset,
1107 3770 1229 3828 donatus
1265 3775 1317 3826 est
1348 3768 1381 3829 P.

157 3867 235 3944 apud
248 3867 377 3926 Veresim
446 3886 546 3924 somno
559 3867 701 3925 evenisset
797 3864 906 3922 Decius
921 3870 1005 3938 pater
1019 3864 1119 3922 consul
1137 3863 1211 3921 bello
1275 3863 1383 3938 lapud

158 3963 261 4019 boum
288 3962 396 4020 collato
424 3981 488 4020 cum
514 3961 625 4038 collega
644 3978 745 4018 somno
796 3961 926 4017 beserum
980 3959 1093 4015 somnio
1151 3957 1243 4032 prelio
1287 3943 1383 4013 doum

159 4058 237 4133 (oum
258 4057 324 4133 cru.)
346 4056 525 4115 convenisset
609 4066 639 4113 ut
659 4054 744 4112 citius
797 4053 902 4112 collato
953 4071 1041 4129 quum
1063 4071 1113 4112 om.
1173 4069 1271 4110 secum
1285 4051 1382 4110 hostes

158 4169 248 4210 cornu
306 4158 392 4229 parte
412 4169 466 4210 sua
797 4166 849 4223 per

197 4264 260 4336 Gau.
294 4265 396 4336 ΧΧ1ΙΙΙ,
443 4263 456 4318 l
499 4262 535 4320 de
575 4258 746 4320 Sannitibus
837 4261 900 4330 dau.
921 4260 1018 4331 ΧΧνΙΙ,
1044 4260 1053 4314 l
1077 4257 1113 4314 dc
1134 4255 1304 4316 Sannitibus
1331 4257 1383 4332 [sic

158 4357 340 4434 triumphans
362 4355 457 4433 spolia
477 4373 512 4413 ex
532 4355 577 4420 his
643 4352 746 4413 asan·
798 4355 896 4430 catat]
963 4352 1144 4428 triumphans
1164 4351 1261 4475 ²spolia
1281 4371 1316 4409 ex
1337 4350 1383 4408 his

1147 4451 1160 4498 7
