3218 5174
752 507 793 574 23

163 711 201 777 de
226 711 415 796 imaginibus
442 712 487 795 (v.
516 711 596 778 Gell.
624 709 689 791 ΙΙΙ,
725 714 778 791 10,
807 714 839 792 1,
866 733 897 798 p.
921 710 998 794 123)
1036 707 1184 774 mulieres
1217 707 1380 790 constat¹)

165 834 279 900 „parca
292 811 385 878 laude
404 813 690 900 perstrinxisse²)“,
712 834 815 897 neque
839 811 1012 878 verendum
1033 833 1101 876 esse
1125 808 1271 896 equidem
1293 816 1380 894 puto,

163 937 202 978 ne
225 937 244 977 a
268 914 398 980 veritate
414 915 606 993 aberremus,
630 914 657 978 si
680 936 788 978 omnes
811 924 963 995 auctoreS,
987 913 1041 998 qui
1061 912 1101 977 de
1116 911 1192 976 viris
1206 909 1382 976 illustribus

163 1016 363 1102 scripserunt,
387 1015 540 1081 Varronis
555 1015 734 1102 exemplum
746 1024 871 1082 secutos
882 1015 1030 1081 mulieres
1040 1037 1163 1101 quoquc
1174 1011 1382 1078 celebravisse

164 1115 345 1191 conicimus,
369 1139 451 1203 quae
473 1116 569 1182 Urbis
593 1117 641 1182 vel
664 1117 786 1205 patriae
809 1140 884 1182 suae
899 1115 1032 1201 gloriam
1046 1114 1299 1180 illustravissent.
1333 1111 1384 1177 cui

163 1216 362 1282 coniecturae
384 1217 513 1284 minime
536 1219 653 1300 obstat,
680 1218 765 1306 quod
787 1217 827 1283 de
851 1218 943 1282 viris
969 1218 1142 1284 illustribus
1163 1215 1236 1280 libri
1264 1214 1312 1278 illi
1335 1214 1384 1278 in·

164 1318 273 1405 scripti
289 1329 369 1400 sunt,
393 1321 541 1405 quoniam
558 1321 723 1386 mulierum
740 1321 808 1384 laus
822 1319 869 1384 ibi
884 1342 940 1405 per
955 1320 1059 1407 capita
1074 1339 1230 1406 perpauca
1244 1315 1384 1402 patuisse

164 1420 305 1508 putanda
327 1430 375 1486 est
397 1431 489 1506 atque
511 1444 622 1509 reapse
643 1446 662 1487 a
683 1422 799 1486 Nostro
825 1421 888 1486 nisi
910 1421 1002 1486 trium
1026 1419 1195 1484 illustrium
1216 1419 1385 1483 mulierum

165 1522 248 1587 vitae
269 1522 440 1586 memoriae
461 1521 636 1608 produntur
656 1522 773 1586 nullae.

251 1621 316 1689 Sed
342 1623 421 1688 haec
441 1621 607 1703 hacteuus,
635 1623 818 1706 nunciam,
846 1646 941 1710 quem
962 1622 1076 1708 integri
1103 1620 1141 1686 de
1165 1621 1220 1685 vir.
1244 1619 1288 1684 ill.
1312 1618 1385 1684 libri

167 1723 394 1790 substituamus
416 1725 545 1805 fontem,
569 1747 764 1810 quaeremus.

682 1962 802 2062 Caput
827 1963 872 2037 V.

646 2117 698 2181 118
731 2115 901 2200 Hygino.

254 2233 467 2320 Hieronymus
497 2233 618 2321 [proleg
656 2233 695 2298 ad
724 2233 876 2300 Dextrum
910 2235 943 2299 in
970 2234 1040 2298 libr.
1069 2231 1107 2299 de
1136 2233 1191 2297 vir.
1219 2231 1262 2296 ill.
1291 2240 1313 2296 t.
1341 2230 1386 2312 H,

169 2359 199 2422 p.
213 2334 395 2419 8811811]
416 2336 496 2424 apud
513 2335 643 2401 Latinos
658 2335 844 2417 Varronem,
861 2334 1018 2416 Santram,
1034 2335 1201 2420 Nepotem,
1212 2332 1388 2418 Hyginum,

170 2436 353 2504 Suetonium
378 2438 418 2502 de
440 2437 515 2502 viris
540 2438 714 2503 illustribus
740 2439 902 2525 scripsisse
923 2437 1028 2503 tradit.
1058 2437 1142 2524 quod
1165 2435 1311 2522 quoniam
1333 2434 1389 2500 ali·

171 2539 326 2623 quamde
350 2541 406 2606 vir.
429 2540 472 2603 ill.
496 2540 611 2604 librum
633 2541 839 2629 praecipuum
860 2539 968 2604 Nostri
991 2538 1100 2604 ducem
1124 2536 1298 2625 putandum
1321 2558 1390 2602 esse

170 2664 265 2729 supra
280 2642 382 2723 certic,
404 2643 437 2706 ni
453 2641 552 2724 fallor,
576 2643 767 2727 argumentis
789 2641 1002 2730 comprobavi,
1024 2664 1126 2726 neque
1142 2640 1206 2704 ulla
1221 2648 1269 2705 est
1284 2659 1390 2718 causa,

172 2767 228 2809 cur
260 2743 491 2830 Hieronymum
522 2767 586 2808 non
620 2766 728 2819 omnes
759 2744 852 2808 huius
886 2743 1008 2828 generis
1045 2743 1213 2829 scriptores
1250 2741 1390 2826 cognitos

170 2845 319 2910 habuisse
351 2856 445 2930 atquc
478 2867 675 2910 enumerasse
710 2844 888 2926 credamus,
922 2869 1018 2909 unum
1044 2869 1083 2910 ex
1114 2843 1178 2909 illis
1211 2841 1392 2907 auctoribus

172 2947 397 3012 substituamus
429 2970 557 3012 necesse
590 2957 645 3012 est.
682 2970 757 3011 nam
790 2971 858 3012 cum
891 2956 1013 3012 constet
1044 2946 1148 3011 eidem
1178 2967 1215 3009 ac
1241 2944 1393 3009 Nostrum

172 3049 292 3113 auctori
306 3050 491 3134 Ampelium
505 3072 564 3114 sna
579 3047 703 3128 debere,
724 3049 891 3136 Ampelins
908 3059 1009 3113 autem
1027 3048 1214 3134 imperatore
1230 3044 1392 3110 Antonino

172 3151 272 3235 Piol)
298 3149 412 3215 librum
435 3150 648 3215 memorialem
676 3151 896 3238 composuerit,
921 3149 1094 3214 communis
1117 3149 1168 3214 ille
1191 3155 1300 3212 auctor
1321 3154 1394 3233 post

173 3251 361 3338 Hieronymi
385 3266 527 3338 tempora
548 3252 625 3338 poni
646 3275 709 3317 non
733 3261 846 3339 potest.
1259 3319 1261 3324 ,

262 3357 308 3417 Ac
329 3354 449 3438 primus
476 3353 605 3440 quidem
628 3354 740 3418 Varro
761 3355 795 3419 in
817 3351 1218 3418 Hebdomadibus—nam
1240 3348 1282 3413 ad
1304 3348 1394 3428 eas⁴)

175 3453 362 3541 Hieronymi
385 3456 482 3520 verba
505 3457 836 3542 spectant-singulis
857 3453 1047 3540 imaginibus
1062 3453 1140 3518 nihil
1155 3453 1215 3516 nisi
1238 3451 1395 3538 epigram-

250 3625 273 3691 l)
292 3623 344 3679 Gsr.
367 3625 541 3679 Ritscbelium
565 3626 622 3690 Quo
651 3628 740 3679 ordine
771 3627 895 3679 Varronis
918 3625 1101 3678 Hebdomades
1128 3623 1270 3691 dispositae
1297 3621 1396 3674 fuerint

170 3708 277 3765 18188,
291 3710 377 3764 Schol.
392 3711 476 3764 Boun.
497 3717 562 3767 1856
580 3728 607 3781 p.
619 3711 672 3764 Xll
692 3729 718 3765 n.
730 3727 752 3766 8.
764 3713 790 3775 1.,
810 3711 968 3764 Orenzerum
986 3709 1110 3764 Zeitschr.
1127 3709 1145 3764 f.
1159 3706 1354 3760 Altarthumsv.
1374 3705 1395 3768 1,

178 3813 203 3864 p.
217 3801 291 3858 1060,
311 3795 500 3865 Ghappuisium
519 3798 675 3868 Fragments
698 3797 743 3850 des
763 3795 897 3867 Ouarages
916 3797 947 3849 de
975 3797 1008 3851 11.
1026 3795 1167 3848 Terentius
1187 3793 1296 3858 Varron,
1321 3790 1396 3843 Paris

181 3886 246 3935 1868
266 3899 291 3951 p.
307 3887 363 3938 105.

250 3972 275 4030 2)
294 3967 447 4036 Symmachi
468 3969 526 4038 [Ep.
547 3970 564 4034 l,
584 3969 611 4038 4]
630 3969 662 4022 do
680 3969 806 4024 Varronis
824 3967 984 4035 imaginibus
1004 3965 1082 4018 verba
1099 3965 1242 4018 imitamur.

249 4057 275 4118 3)
296 4071 321 4108 v.
346 4054 527 4107 Woelfflinum
550 4055 587 4107 De
608 4054 636 4107 L.
661 4056 776 4123 Ampelii
800 4054 864 4106 libro
890 4052 1036 4104 memoriali
1058 4054 1108 4104 cat.
1131 4067 1157 4119 p.
1174 4054 1216 4102 49.
1235 4076 1267 4086 -·
1286 4045 1394 4098 Ziukius

181 4141 259 4206 [Zum
279 4141 343 4193 liber
362 4141 520 4193 memorialis
539 4140 584 4193 des
604 4141 633 4195 L.
653 4141 803 4209 Ampelins,
822 4139 874 4192 Eos
893 4137 917 4190 ll
936 4141 1033 4201 (1866),
1053 4153 1079 4206 p.
1098 4137 1160 4201 327]
1180 4132 1313 4187 Traiani
1332 4137 1397 4183 tem·

181 4227 289 4297 poribus
307 4228 402 4280 librum
422 4226 599 4279 memorialem
619 4226 749 4289 vindicat,
777 4223 823 4278 sed
848 4240 900 4275 non
924 4222 1021 4275 desunt
1044 4221 1140 4274 indicia
1158 4222 1195 4286 [v.
1215 4216 1396 4272 Woelfflinum

180 4314 199 4369 l.
218 4316 236 4367 l.
256 4332 279 4384 p.
300 4320 332 4365 47
352 4313 431 4378 81],
450 4313 546 4381 quibos
565 4313 595 4364 ad
616 4310 741 4364 Hadriani
759 4315 875 4363 aetatem
894 4310 1022 4361 ducimur.

251 4404 277 4463 4)
297 4398 348 4454 Cir.
369 4398 400 4451 G.
423 4398 448 4450 J.
474 4397 596 4450 Vossium
623 4401 659 4449 De
683 4397 744 4450 hist.
763 4395 820 4448 Lat.
846 4394 865 4458 1,
885 4411 909 4462 p.
928 4399 969 4458 86,
992 4391 1158 4444 llrahnarum
1176 4389 1350 4443 Commentat.
1369 4387 1400 4440 de

184 4487 216 4540 11.
230 4486 348 4539 Terentii
362 4484 483 4538 Varronis
498 4486 606 4554 Antiqu.
619 4500 667 4539 rer.
681 4483 789 4536 human.
801 4486 828 4534 et
841 4481 920 4533 divin.
931 4478 993 4532 XLI
1005 4478 1150 4548 specimen,
1163 4475 1236 4530 Halis
1251 4479 1318 4529 1834
1336 4490 1362 4544 p.
1376 4477 1400 4537 9,
