3218 5174
766 486 784 546 9

676 572 879 581 ----

168 712 247 770 eam,
271 711 352 776 quae
375 689 434 754 sub
452 687 580 774 Nepotis
602 687 729 752 nomine
752 685 866 752 tradita
885 685 934 768 sit,
957 683 1039 748 hanc
1055 685 1239 750 sententiam
1259 683 1385 749 minime

166 790 313 872 refutari,
351 791 500 876 quoniam
536 828 577 839 -
610 789 744 876 Hauptii
779 788 877 853 verba
913 809 1101 874 usurpamus
1139 827 1177 840 -
1219 810 1272 867 ea,
1306 810 1385 874 quae

167 892 359 958 Plutarchus
384 891 549 978 Nepotem
584 890 623 956 de
655 889 837 955 Hannibale
868 888 1035 954 tradidisse
1068 888 1176 969 refert,
1213 888 1258 952 illi
1290 888 1384 967 ritae,
1482 889 1485 900 “

169 1018 266 1080 quam
288 1018 346 1060 nos
373 994 432 1058 sub
456 993 588 1079 Nepotis
610 992 737 1057 nominc
759 991 924 1070 habemuS,
949 989 1041 1055 valde
1062 999 1252 1076 repugnant,
1276 1013 1386 1076 quam-

169 1097 278 1162 obrem
305 1095 459 1161 Rinchius
482 1094 615 1182 (proleg.
638 1094 679 1158 ad
704 1093 878 1158 Aemilium
900 1091 1040 1156 Probum
1067 1091 1113 1155 ed.
1131 1091 1225 1156 Roth.
1249 1115 1278 1179 p.
1294 1091 1387 1176 LIV)

168 1198 253 1263 hunc
282 1197 496 1263 Hannibalem
523 1197 695 1283 posteriore
727 1206 867 1285 tempore
897 1194 1104 1281 compositum
1132 1215 1200 1258 esse
1225 1192 1386 1274 iudicavit,

170 1322 232 1385 quo
254 1298 387 1384 Nepotis
408 1297 492 1362 istud
520 1297 672 1384 scriptum
703 1297 741 1362 de
763 1296 946 1362 Hannibale
975 1320 1029 1360 seu
1050 1295 1202 1360 Marcello
1229 1318 1293 1358 nou
1320 1318 1387 1359 am-

170 1400 255 1486 plius
278 1399 456 1465 exstitisset

255 1505 306 1566 Ac
329 1523 398 1566 mea
419 1499 544 1587 quidem
567 1502 720 1566 sententia
741 1501 819 1564 illud
835 1500 964 1566 Rinclrii
983 1499 1133 1563 indicium
1148 1497 1241 1582 plane
1257 1498 1387 1564 reicien-

171 1603 245 1668 dum
283 1615 336 1668 cst.
381 1625 455 1666 nam
489 1601 548 1664 hoc
579 1625 642 1665 uno
675 1603 817 1666 firmatur
850 1611 1051 1688 argumento,
1083 1599 1166 1685 quod
1198 1599 1387 1666 Plutarchus

174 1703 304 1791 (Comp.
332 1703 503 1790 Pelopidae
532 1725 603 1767 cum
625 1702 775 1780 Marcello
797 1704 824 1784 I,
851 1728 880 1792 p.
905 1705 966 1769 378
994 1702 1041 1768 ed.
1069 1700 1236 1787 Doehner)
1263 1703 1387 1767 Hanni-

172 1807 276 1872 balem
299 1829 319 1870 a
339 1805 493 1870 Marcello
516 1805 635 1871 rictum
657 1828 725 1870 esse
747 1807 897 1893 Nepotem
928 1804 1095 1870 tradidisse
1123 1803 1245 1884 scribit,
1279 1805 1387 1891 Nepos

172 1917 275 1972 autem
304 1908 348 1992 (v.
372 1907 478 1970 Hann.
502 1906 542 1988 V,
565 1908 594 1987 4,
623 1907 676 1987 Vl,
703 1908 734 1990 l)
762 1906 977 1972 Hannibalem
1005 1905 1157 1970 invictum
1182 1905 1266 1972 facit.
1312 1906 1387 1994 quid

171 2007 322 2073 tandem?
346 2008 453 2073 eodem
475 2010 551 2088 iure,
576 2033 636 2095 quo
659 2008 719 2074 hac
741 2032 806 2074 uua
827 2007 1021 2072 dissensione
1037 2007 1182 2071 commoti
1197 2006 1388 2072 Hannibalis

173 2109 270 2175 vitam
293 2134 313 2175 a
332 2111 456 2195 Nepote
483 2109 715 2192 abiudicamuS,
748 2133 852 2174 nonne
881 2108 954 2174 licet
983 2110 1034 2174 vel
1055 2108 1225 2173 Plutarcho
1252 2132 1387 2198 errorem

174 2212 219 2294 (v.
244 2209 407 2277 Soltavum
423 2211 444 2278 l.
461 2211 480 2276 l.
498 2235 528 2297 p.
554 2213 609 2296 78)
634 2213 684 2276 vel
699 2211 938 2278 inconstantiam
955 2211 1069 2298 Nepoti
1089 2212 1134 2296 (v.
1150 2210 1386 2296 Nipperdeyum

173 2313 213 2377 ad
226 2314 254 2377 h.
267 2313 304 2398 l.)
322 2313 513 2379 attribuere?
540 2337 636 2400 qnare
651 2314 794 2400 equidem
811 2336 891 2398 nego
906 2313 962 2377 illa
977 2312 1138 2379 Plutarchi
1153 2314 1251 2379 verba
1266 2322 1389 2378 tantum

174 2414 293 2495 valere,
326 2425 361 2479 ut
389 2415 494 2497 ,istud
524 2416 563 2481 de
590 2415 771 2481 Hannibale
805 2416 984 2503 scriptum“,
1019 2413 1102 2500 quod
1131 2437 1193 2478 non
1228 2437 1318 2480 secus
1351 2439 1389 2481 ac

175 2527 298 2582 ceterae
319 2518 450 2603 Nepotis
472 2518 556 2582 ritae
578 2517 725 2582 traditum
748 2528 803 2599 est,
832 2519 865 2582 in
888 2517 1115 2582 dubitationem
1137 2539 1251 2582 vocare
1273 2519 1387 2585 debeass

173 2642 258 2699 mus3
282 2619 375 2684 valde
397 2633 502 2684 autem
523 2620 629 2700 miror,
652 2619 734 2707 quod
756 2617 917 2704 Hauptius
939 2619 984 2704 (p.
1002 2619 1058 2702 32)
1079 2618 1129 2684 his
1152 2630 1212 2683 tam
1235 2621 1387 2707 suspectis

174 2722 278 2786 verbis
302 2722 490 2786 sententiam
512 2745 601 2786 suam
622 2721 743 2804 firmari
765 2729 914 2786 autumat.

258 2821 376 2886 Verum
392 2822 490 2886 multo
502 2824 677 2910 suspectius
693 2823 825 2887 alterum
835 2820 997 2887 Plutarchi
1008 2822 1220 2889 testimonium
1231 2835 1287 2906 est,
1304 2827 1387 2912 quod

174 2924 333 3009 Hauptius
361 2922 398 2986 ad
430 2922 698 3011 comprobandum
725 2923 876 2989 iudicium
902 2947 994 2988 suum
1020 2923 1118 2990 affert.
1162 2936 1270 2990 narrat
1303 2928 1387 2992 enim

173 3025 364 3090 Plutarchus
388 3025 431 3107 (r.
449 3024 549 3089 Marc.
566 3025 666 3091 XXX
688 3050 717 3112 p.
736 3027 812 3108 377)
835 3049 855 3089 a
879 3024 1003 3090 Valerio
1018 3024 1161 3090 Maximo
1179 3023 1387 3116 Cornelioque

174 3128 296 3214 Nepote
324 3126 471 3191 traditum
501 3151 569 3193 esse
596 3127 741 3192 Marcelli
772 3151 884 3215 corpus
913 3127 1008 3210 digno
1036 3127 1146 3192 habitu
1174 3139 1318 3194 ornatum
1346 3132 1387 3196 ab

174 3227 354 3293 Hannibale
377 3239 551 3292 crematum
580 3251 660 3310 esse,
690 3229 838 3314 reliquias
867 3228 907 3292 ad
933 3229 1035 3293 filium
1064 3229 1174 3293 missas
1201 3231 1387 3297 aNumidis

175 3330 482 3414 circumvagantibus
497 3331 687 3419 interceptas
702 3353 771 3396 esse
785 3340 816 3395 et
832 3330 987 3412 disiectas
1008 3328 1133 3394 Livium
1149 3340 1257 3396 contra
1272 3332 1389 3400 Caesa-

174 3454 301 3516 remque
317 3431 495 3515 Augustum
520 3433 683 3521 scripsisse
705 3433 852 3519 reliquias
874 3430 913 3496 ad
935 3432 1036 3496 filium
1061 3431 1196 3514 perlatas
1218 3433 1389 3502 honorifice

176 3532 314 3618 sepultas
336 3554 413 3596 esse.
460 3534 640 3622 quidquod
668 3557 769 3621 neque
792 3533 938 3598 Valerius
961 3533 1122 3598 Maximus
1151 3533 1206 3617 (V,
1232 3539 1258 3619 1,
1283 3549 1345 3602 ext.
1369 3541 1387 3603 6

175 3656 206 3718 p.
223 3634 284 3696 794
308 3631 355 3696 ed.
379 3632 524 3720 Kempf.)
559 3635 773 3715 disiectarum,
808 3658 908 3720 neque
933 3633 1043 3699 Livius
1077 3635 1238 3722 (XXVII,
1267 3642 1323 3722 28,
1354 3644 1387 3730 1)

175 3731 366 3818 perlaturum
398 3735 600 3820 reliquiarum
631 3738 818 3802 mentionem
848 3736 943 3802 facit?
977 3738 1083 3824 ecquis
1120 3738 1193 3804 huic
1228 3755 1387 3806 auctorum

177 3837 403 3923 comparationi
427 3837 523 3901 ullam
549 3838 646 3904 fidem
667 3840 778 3904 tribuit
799 3847 949 3924 putatque
971 3840 1126 3926 Nepotem
1153 3851 1185 3904 et
1207 3839 1387 3924 Caesarem,

178 3937 350 4024 dequibus
372 3938 450 4002 nihil
473 3941 550 4005 certi
579 3953 714 4007 statuere
741 3963 924 4028 possumuS,
952 3940 986 4005 id
1013 3942 1096 4027 quod
1118 3942 1307 4007 Plutarchus
1334 3966 1388 4008 eos

175 4041 344 4105 tradidisse
366 4051 474 4104 narrat
501 4065 610 4108 revera
638 4043 821 4123 tradidisse,
849 4043 995 4129 quoniam
1024 4043 1063 4107 de
1086 4042 1225 4124 Valerio,
1255 4068 1389 4130 quocum
1426 4049 1429 4056 '

175 4143 342 4230 Nepotem,
378 4153 409 4207 et
432 4142 470 4208 de
493 4143 593 4224 Livio,
615 4138 762 4232 'quocum
784 4144 953 4211 Gaesarem
977 4146 1152 4210 consentire
1174 4146 1322 4224 somniat,
1356 4148 1390 4211 in

175 4244 225 4309 his
236 4257 298 4311 tam
311 4246 426 4333 ineptis
438 4248 595 4312 erroribus
608 4270 679 4310 eum
687 4247 975 4312 versarividemus?
988 4246 1224 4328 minime,immo
1237 4249 1292 4314 tali
1301 4249 1390 4314 testi-

175 4349 280 4412 monio
292 4348 370 4412 nihil
381 4358 456 4434 puto
468 4349 665 4435 comprobari
677 4359 770 4434 atque
782 4347 920 4433 graviter
930 4347 1104 4434 Hauptium
1117 4370 1256 4436 peccare,
1269 4351 1322 4437 qui
1334 4351 1391 4415 ha-

175 4473 245 4514 rum
257 4449 513 4536 difficultatum)
528 4474 569 4515 ne
585 4451 742 4516 mentione
756 4449 882 4536 quidem
898 4450 982 4515 facta
995 4451 1049 4515 tali
1060 4451 1237 4519 testimonio
1253 4476 1327 4520 usus
1340 4455 1389 4521 sit.

246 4587 270 4654 1)
289 4604 311 4643 r.
336 4587 503 4640 Perizonium
526 4588 657 4641 animadv.
681 4585 742 4642 hist.
766 4605 791 4657 p.
805 4591 855 4642 376
878 4587 917 4641 od.
935 4588 1017 4653 Harl,
1038 4587 1198 4643 Kochlarum
1216 4607 1267 4660 qua
1289 4591 1390 4643 ratione
