3258 5186
810 432 852 497 88

617 630 747 702 Codex
767 631 1049 698 Bruxellensis.

223 748 330 816 delitio
427 751 530 816 5cum
548 752 630 817 inter
644 751 820 835 (Romanos
835 761 867 817 et
881 751 957 836 orn.)
971 750 1115 818 Albanos
1131 749 1249 816 bellum
1265 748 1377 816 fuisset

223 850 353 918 Suffetio
444 851 614 916 certamine
636 853 727 918 finire
849 852 1058 918 ivulnerum
1081 851 1171 918 dolor
1191 851 1371 938 patiebatur
1393 849 1448 914 in-

222 964 388 1040 sequentes
509 952 593 1018 ead
614 976 672 1021 om.
747 953 917 1040 lachrymis
994 953 1225 1041 suprapositum
1304 953 1344 1016 10
1367 949 1447 1017 Suf-

222 1054 316 1120 fetius
404 1054 575 1120 certatione
596 1055 718 1120 finisset
739 1054 890 1120 Veientes
912 1063 944 1119 et
966 1056 1104 1132 (utrem
1127 1053 1297 1138 corrigeret
1321 1051 1399 1136 om.)

307 2331 378 2415 cap.
400 2333 431 2413 v,
457 2336 466 2394 1
494 2330 630 2396 Martius
757 2332 776 2396 2
800 2328 996 2396 circundedit
1122 2331 1142 2394 4
1164 2328 1354 2416 repetundus

222 2435 241 2497 5
264 2448 423 2520 praestare
445 2432 529 2519 quod
554 2431 600 2518 [in
621 2434 762 2518 morfisa
784 2431 911 2495 dubium
933 2455 975 2495 an
996 2429 1164 2496 abeodem
1186 2452 1282 2496 mauu
1298 2429 1440 2516 qualem]

307 2937 380 3021 cap.
400 2939 442 3018 vt,
466 2939 482 2999 1
506 2935 634 3000 Priscus
657 2935 797 3001 Lucumo
820 2935 925 3020 graeci
949 2933 1122 2999 demerethi
1228 2933 1376 3021 Cypselis

221 3039 406 3104 Hetrurinm
429 3039 485 3120 [cio
500 3037 685 3119 constanter]
773 3034 971 3122 2Terquinii
1069 3037 1148 3123 petit
1242 3035 1372 3121 pilleum

221 3140 240 3202 5
263 3138 447 3225 intercoepit
544 3136 776 3202 administravit
885 3139 902 3201 7
926 3136 1083 3202 Attinevii
1191 3137 1210 3200 8
1233 3134 1441 3201 circumdedit

221 3240 292 3305 urbi
379 3242 398 3305 9
421 3235 594 3326 ριιιιιοιιιιιι
612 3237 821 3324 ingenuorum

304 4192 374 4277 cap.
395 4196 449 4277 llll,
472 4197 487 4259 1
507 4193 616 4260 Tullus
632 4191 726 4282 Spuri
743 4193 951 4261 Corniculurii
967 4205 998 4260 et
1014 4193 1173 4260 Ocreutiue
1258 4197 1278 4262 2
1303 4195 1370 4262 viso

219 4295 238 4357 3
263 4304 296 4360 ut
316 4316 386 4358 eum
408 4294 454 4358 ite
476 4305 511 4359 ut
595 4296 616 4358 4
639 4293 784 4380 Cumque
875 4305 1055 4382 assumptus
1146 4297 1250 4362 altiori
1336 4298 1435 4384 respi-

217 4394 302 4460 ciens
410 4395 519 4461 lethali
623 4395 714 4461 Tullo
738 4395 822 4461 dicto
845 4397 1050 4463 obaudientes
1151 4399 1170 4461 5
1193 4398 1434 4462 administravit.
