3258 5186
837 483 878 546 94

754 569 831 578 --n—
840 571 954 578 ...—...-.

640 683 773 752 Codex
794 685 1076 752 Bruxellensis:

330 1126 399 1210 Gap.
423 1127 476 1209 XV,
508 1132 519 1190 l
547 1127 665 1192 Lucius
688 1126 834 1192 Valerius
856 1125 1023 1192 Publicola
1049 1126 1153 1192 Volesi
1182 1127 1266 1191 filius
1292 1126 1346 1191 ille
1370 1128 1472 1193 Bruti

245 1228 367 1312 collega
389 1227 491 1314 primo
621 1230 639 1292 2
662 1227 846 1315 Tricepitini
968 1228 1128 1294 consulem
1151 1228 1249 1294 alium
1270 1229 1472 1313 subrogabat

309 1331 514 1418 suspitionem
608 1331 626 1394 3
643 1338 792 1415 quaestus
807 1340 855 1396 est
870 1329 953 1416 quod
969 1330 1009 1394 de
1025 1352 1058 1396 se
1074 1329 1194 1416 aliquid
1208 1330 1270 1396 tale
1285 1329 1471 1395 timuissent

244 1443 276 1497 et
298 1431 430 1497 immisit
561 1436 578 1495 5
601 1431 769 1496 Publicola
791 1429 901 1496 dictus.
938 1431 1002 1512 Qui
1025 1455 1096 1497 cum
1118 1441 1228 1517 quater
1250 1432 1357 1496 consul
1380 1431 1467 1496 diem

243 1533 374 1600 obisset:
411 1531 489 1597 adeo
512 1555 631 1620 pauper
653 1531 757 1597 extitit
778 1543 814 1597 ut
836 1533 974 1598 collectis
996 1557 1016 1598 a
1037 1533 1153 1621 populo
1175 1533 1313 1598 nummis
1334 1533 1468 1620 publice

244 1633 384 1722 sepultus
407 1634 447 1698 sit
469 1647 500 1699 et
522 1657 625 1698 annuo

329 2091 398 2174 cap.
420 2091 474 2158 xv!
497 2094 578 2156 deest
598 2094 633 2156 ia
655 2091 755 2157 codice
779 2091 976 2156 Bruxellensc'

328 2594 400 2678 cap.
422 2596 497 2677 xlm,
532 2598 547 2659 1
574 2595 711 2678 Quintus
735 2594 953 2682 Cyncinnatus
975 2600 1076 2665 filium
1098 2598 1256 2666 Oesonem
1346 2599 1462 2665 adver-

245 2719 298 2762 sus
363 2697 514 2776 Quintum
542 2697 709 2762 Minutium
779 2696 916 2778 Quintus
939 2700 1072 2765 dictator
1094 2700 1196 2766 dictus
1219 2713 1267 2767 est
1337 2702 1461 2766 obsidio

243 2797 398 2862 liberarit.
444 2797 572 2879 Quare
595 2823 614 2864 a
635 2798 772 2864 Minutio
796 2810 827 2864 et
849 2801 987 2866 exercitu
1009 2801 1077 2866 eius
1200 2804 1219 2866 3
1241 2791 1359 2868 Hostes
1384 2804 1462 2869 vicit

307 2899 340 2962 in
363 2921 420 2963 om.
511 2900 596 2986 aegit
682 2900 871 2988 bSpurium
894 2902 1027 2967 Melium
1112 2902 1314 2989 equimelium
1336 2903 1460 2969 dicitur.

327 3765 397 3849 Gap.
419 3767 507 3848 xvttt,
532 3770 547 3831 1
570 3766 761 3832 Menennius
832 3771 851 3832 2
874 3768 1020 3835 cessisset
1088 3791 1152 3832 non
1172 3769 1317 3834 toleraret
1385 3791 1459 3834 cum

240 3877 382 3934 ventrem
404 3866 567 3934 crederent
588 3869 724 3934 otiosum
826 3872 844 3934 3
867 3871 1011 3935 membra
1032 3870 1185 3936 disserere
1286 3875 1304 3934 5
1328 3879 1377 3934 cst
1398 3893 1456 3934 om.

242 3967 451 4034 dadversum
473 3969 672 4036 nobilitatem
758 3969 986 4037 lMenennius
1072 3971 1232 4059 publicum
1255 3971 1353 4036 daret.

324 4452 393 4538 Cap.
415 4454 481 4538 xlx,
508 4457 519 4519 l
545 4475 623 4521 ncus
646 4453 767 4540 (prima
789 4454 892 4520 littera
913 4455 988 4540 cm.)
1010 4453 1145 4520 Martius
1290 4452 1454 4518 Postumio
