3218 5174
733 473 773 538 33

134 673 208 759 puli
229 673 365 738 Romani
391 673 587 741 laudatorem
613 685 644 741 et
665 698 867 763 praeconem,
903 677 972 763 qui,
1008 685 1042 740 ut
1063 675 1100 743 G.
1124 677 1249 745 Barthii
1277 681 1364 766 [Ad-

137 796 237 840 verss.
262 773 333 855 LX,
358 777 390 859 7]
415 787 486 840 utar
508 777 627 857 verbis,
662 788 809 844 nontam
833 778 998 844 historiam
1021 779 1180 864 quandam
1202 792 1255 846 aut
1277 804 1363 847 com·

136 875 292 962 pendium
315 889 484 963 gestorum,
508 901 604 965 quam
626 879 824 944 victoriarum
848 901 998 965 paeanem
1024 878 1205 963 desaltavit,
1232 885 1363 949 consilio

137 988 251 1042 contra
273 1001 398 1044 omnem
420 977 568 1044 historiae
593 981 692 1047 fidem
716 1005 767 1047 res
795 982 981 1067 corrupisse.
1025 981 1145 1047 accedit
1172 985 1257 1070 quod
1285 1010 1363 1051 non·

134 1079 219 1143 nulli
241 1101 361 1146 errores
384 1104 403 1145 a
425 1081 490 1146 solo
513 1082 629 1146 Nostro
652 1082 811 1146 commissi
833 1080 942 1169 procul
969 1081 1065 1146 dubio
1091 1083 1166 1151 iu'de
1193 1085 1361 1169 fluxerunt,

136 1180 222 1267 quod
246 1190 364 1248 temere
387 1194 418 1248 et
439 1182 653 1270 imprudenter
674 1183 761 1248 Flori
789 1182 929 1268 vestigiis
951 1183 1075 1248 insistit.
1106 1209 1182 1251 nam
1211 1187 1360 1270 Menenii,

135 1281 316 1364 Coriolani,
349 1283 463 1348 Licinii
491 1283 641 1364 Stolonis,
676 1284 703 1348 L
741 1285 879 1370 Virgiuii
907 1284 986 1349 vitas
1012 1295 1122 1351 auctor
1154 1286 1192 1354 de
1225 1289 1281 1354 vir.
1315 1290 1360 1358 ill.

139 1383 248 1471 [capp.
270 1383 526 1470 XVIII-XXI]
550 1410 698 1474 perverso
727 1387 878 1473 temporis
906 1385 1014 1452 ordine
1040 1410 1177 1454 conexas
1205 1392 1360 1478 proponit,

133 1484 268 1550 Florum
290 1496 373 1552 certe
395 1489 567 1572 secutus¹),
588 1488 690 1575 quiin
710 1489 812 1577 capite
831 1487 933 1554 XVII
947 1486 1020 1552 libri
1033 1489 1147 1574 prioris
1166 1491 1209 1577 [p.
1224 1493 1264 1557 26
1277 1495 1359 1580 sqq]

134 1587 209 1652 illos
250 1588 334 1654 viros
374 1589 555 1655 coniunctos
594 1591 687 1655 affert
724 1592 814 1680 isque
847 1613 904 1656 suo
938 1590 1017 1670 iure,
1055 1592 1204 1676 quoniam
1238 1616 1361 1680 semper

133 1691 284 1775 neglecta
305 1692 456 1779 temporis
478 1692 599 1758 ratione
620 1715 671 1759 res
693 1716 750 1781 per
775 1716 893 1779 genera
920 1692 1058 1777 digestas
1084 1695 1283 1781 persequitur
1313 1706 1361 1762 at-

136 1815 199 1879 que
222 1792 275 1856 illo
299 1795 400 1880 capite
428 1816 536 1858 omues
565 1794 735 1860 seditiones
765 1793 1012 1881 comprehendit.
1056 1796 1193 1883 itemque
1220 1797 1359 1883 quaein
1431 1786 1435 1790 ⁸

134 1895 204 1958 vita
223 1895 364 1979 Augusti
395 1894 435 1979 [c.
458 1894 620 1979 LXXIX]
649 1918 669 1959 a
697 1897 813 1960 Nostro
845 1907 1043 1980 enarrantur,
1076 1899 1226 1986 temporis
1258 1899 1360 1963 ordini

133 1995 265 2059 minime
286 1996 486 2083 respondent,
514 2017 583 2060 cum
609 1995 822 2062 Octavianum
844 1997 921 2062 Jani
948 2009 1056 2086 portas
1084 2000 1236 2065 clausisse
1266 2008 1360 2087 atque

135 2098 319 2182 Augustum
334 2097 524 2185 appellatum
547 2121 616 2163 esse
638 2106 710 2186 post
733 2098 850 2163 bellum
871 2098 1053 2165 Parthicum
1076 2111 1262 2188 exponatur,
1284 2124 1360 2166 eun-

135 2199 207 2265 dem
223 2215 329 2265 autem
343 2223 443 2264 rerum
462 2197 605 2264 ordinem
620 2199 702 2286 apud
718 2199 849 2265 Florum
862 2200 906 2281 Il,
923 2201 964 2265 34
979 2226 1009 2289 p.
1027 2205 1088 2269 123
1103 2201 1288 2283 invenimus,
1305 2202 1359 2287 qui

135 2311 241 2366 tamen
263 2325 348 2367 more
371 2325 437 2381 suo,
460 2312 496 2365 ut
516 2300 639 2386 poetico
663 2301 799 2387 quodam
821 2301 930 2366 afflatu
950 2304 1023 2369 libri
1046 2306 1094 2371 sui
1116 2305 1212 2369 finem
1229 2302 1357 2380 faceret,

133 2403 235 2491 ipsam
251 2403 390 2489 Augusti
407 2403 711 2484 ,consecrationem“
728 2404 824 2468 rebus
840 2405 881 2469 ab
897 2426 933 2469 eo
949 2405 1046 2490 gestis
1062 2406 1248 2493 postposuit.
1282 2405 1358 2492 quid

136 2504 220 2592 quod
242 2529 305 2571 nou
326 2507 435 2592 paucis
465 2503 544 2570 locis
566 2503 681 2568 Noster
714 2528 785 2570 cum
812 2505 908 2570 Floro
938 2508 1030 2572 etiam
1066 2508 1183 2573 talibus
1216 2507 1357 2592 verbisl)

135 2608 282 2686 concinit,
310 2607 415 2694 qualia
436 2607 468 2671 in
492 2604 645 2671 tumidum
671 2615 765 2694 atque
786 2607 931 2672 inflatum
952 2608 1039 2673 Flori
1068 2605 1213 2697 ,saepiris
1234 2609 1357 2696 poetice

135 2732 229 2796 quam
261 2709 398 2775 humane
431 2708 645 2794 loquentis“³)
681 2730 859 2794 sermonem
892 2719 955 2773 tam
990 2710 1083 2797 plane
1114 2711 1284 2796 quadrant,
1322 2720 1358 2775 ut

133 2834 197 2875 non
217 2835 257 2877 ex
279 2811 438 2877 communi
458 2810 545 2875 fonte
566 2808 714 2890 fluxisse,
748 2808 803 2873 sed
825 2831 865 2874 ex
886 2809 982 2877 Floro
1004 2811 1075 2898 ipso
1104 2812 1265 2897 exscripta
1287 2834 1356 2877 esse

135 2912 211 2978 mihi
233 2936 418 3002 persuasum
438 2912 582 2978 habeam.

220 3013 285 3081 Sed
310 3014 402 3080 video
424 3013 498 3079 huic
520 3012 786 3098 argumentationi
808 3014 891 3078 obici
912 3036 1006 3100 posse
1020 3014 1159 3102 Ampelii
1174 3035 1247 3079 cum
1261 3013 1355 3079 Floro

137 3139 330 3183 consensum.
375 3138 450 3180 nam
478 3114 592 3180 dixerit
619 3114 731 3200 aliquis
758 3136 910 3201 persaepe
943 3125 975 3179 et
1002 3116 1154 3180 Nostrum
1181 3127 1213 3182 et
1233 3117 1355 3204 Ampe-

136 3218 210 3282 huur
231 3218 273 3283 ad
295 3219 428 3284 verbum
455 3217 521 3283 fere
551 3238 620 3281 cum
644 3214 739 3280 Floro
767 3217 943 3282 consentire
970 3240 1074 3303 neque
1106 3216 1204 3282 ullam
1236 3218 1354 3284 habere

138 3321 201 3385 veri
223 3321 356 3408 speciem
381 3331 548 3404 utrumque
569 3318 679 3383 relicto
707 3317 864 3382 communi
892 3316 947 3382 illo
975 3330 1102 3384 auctore
1129 3318 1248 3384 eisdem
1274 3319 1354 3385 locis

137 3421 176 3486 ad
196 3422 325 3487 Florum
347 3421 521 3486 deflexisse.
558 3419 660 3501 audio,
685 3420 739 3484 sed
762 3418 946 3507 priusquam
967 3419 1028 3486 hac
1051 3420 1090 3486 de
1112 3444 1146 3486 re
1167 3419 1354 3500 iudicemus,

136 3523 214 3605 illos,
237 3524 275 3589 de
298 3524 414 3610 quibus
436 3524 549 3608 agitur,
573 3523 660 3588 locos
684 3521 869 3607 colligamus
897 3519 1028 3608 oportet.
1074 3529 1148 3586 sunt
1175 3529 1280 3586 autem
1307 3520 1353 3585 hi:

205 3766 228 3827 l)
247 3779 272 3816 v.
291 3761 464 3832 Spengelium
484 3760 502 3816 l.
519 3761 537 3813 1.
556 3765 583 3812 et
601 3759 765 3813 Eussnerum
783 3758 911 3828 Philolog.
929 3765 948 3813 t.
966 3758 1086 3813 XXXIV
1105 3775 1129 3827 p.
1146 3763 1202 3812 177.

204 3852 228 3906 2)
249 3847 295 3901 Ex.
315 3864 352 3917 gr.
372 3851 441 3900 auct.
461 3847 492 3900 de
510 3847 557 3898 vir.
576 3846 614 3898 ill.
637 3844 742 3912 XXIV,
763 3850 792 3897 4:
820 3844 932 3898 Manlius
955 3843 1077 3913 clangore
1100 3843 1200 3902 anseris
1223 3843 1353 3897 excitatus

138 3933 278 4002 ..,Flor.
297 3934 322 3998 l,
347 3937 362 3986 7
386 3949 410 4001 p.
426 3938 470 3986 18:
498 3930 635 4000 [Manlius]
654 3931 777 4002 clangore
796 3930 896 3984 auseris
914 3929 1044 3982 excitatus
1063 3964 1069 3978 .
1089 3967 1121 3982 ..
1145 3931 1214 3981 auct.
1245 3927 1278 3980 de
1305 3928 1352 3988 vir.

138 4022 175 4077 ill.
190 4019 317 4074 XLVIII:
345 4021 485 4086 actumque
504 4017 536 4070 de
554 4017 673 4070 Romano
691 4017 801 4086 imperio
820 4021 889 4081 erat,
917 4016 939 4069 ai
961 4014 1072 4084 iungere
1095 4030 1123 4066 aa
1142 4013 1284 4066 Hannibali
1306 4030 1352 4083 po·

137 4108 241 4170 luisset,
263 4105 332 4158 Flor.
350 4105 376 4168 1,
395 4107 428 4158 22
446 4119 471 4171 p.
484 4107 531 4155 40:
549 4107 637 4156 actum
656 4106 712 4155 erat
730 4102 821 4170 procul
841 4101 932 4170 dubio,
960 4101 983 4154 si
1005 4101 1046 4153 vir
1067 4100 1113 4153 ille
1136 4115 1164 4152 se
1187 4115 1248 4151 cum
1271 4100 1351 4154 tratre

136 4193 268 4250 iunxisset.
286 4194 357 4244 auct.
382 4187 414 4242 da
432 4189 480 4243 vir.
499 4189 535 4241 ill.
554 4188 682 4242 LXXVI:
702 4187 888 4240 Mithridates.
908 4227 914 4241 .
934 4225 940 4238 .
958 4185 1086 4238 anundus
1109 4203 1123 4238 a
1146 4191 1246 4252 septem
1266 4185 1351 4239 Persis
1454 4206 1456 4210 ·

137 4278 200 4332 Flor.
213 4278 232 4340 1,
252 4282 285 4332 39
303 4294 329 4346 p.
342 4280 388 4330 63:
416 4275 557 4329 Artabazes
575 4291 590 4326 a
609 4278 711 4343 septem
732 4273 817 4326 Persis
835 4272 970 4335 oriundus,
989 4271 1050 4323 inde
1068 4271 1239 4324 Mithridates.

201 4367 227 4428 ³)
245 4379 270 4415 v.
288 4363 359 4417 Patr.
377 4361 560 4415 Burmannum
578 4360 611 4415 ad
629 4361 782 4413 Petronium
800 4376 823 4414 c.
836 4358 959 4417 GXXlll.

1126 4445 1141 4502 ὃ
