3218 5174
652 465 855 562 ...n-

145 666 298 754 populum
331 675 430 732 actam
460 688 531 734 csse
556 664 667 748 tradit,
701 663 808 751 Nepos
835 664 914 730 duas
942 663 1107 751 distinguit
1135 665 1360 746 accusationes,

146 767 279 854 primam
296 767 501 850 Petilliorum,
526 768 656 834 alteram
670 767 795 848 Naevii,
817 777 924 833 noster
937 775 1023 832 tacet
1037 765 1077 831 de
1091 766 1224 847 Naevio,
1248 789 1360 852 neque,

146 869 227 936 sicut
241 869 402 956 Hauptius
424 869 578 958 opinatur,
604 879 731 952 ,auctor
753 867 793 934 de
814 869 873 934 vir.
895 869 938 932 ill.
963 867 1040 934 duas
1061 868 1132 934 illas
1147 868 1363 934 accusationes

66 975 68 980 ’
148 969 290 1036 confudit
312 982 343 1036 et
364 971 410 1036 ita
424 972 540 1038 Naevii
561 995 674 1037 nomen
692 971 896 1058 suppressit“,
919 969 1015 1035 immo
1036 969 1098 1035 hoc
1117 969 1223 1055 ipsum
1244 971 1363 1035 versio·

146 1072 196 1138 nis
218 1095 237 1136 a
259 1071 387 1139 Valerio
410 1074 541 1139 Antiate
563 1072 698 1138 traditae
720 1072 880 1160 proprium
905 1081 961 1152 est,
986 1071 1070 1158 quod
1092 1081 1123 1138 et
1149 1072 1362 1158 querimoniae

146 1173 185 1239 de
212 1171 415 1263 Scipionibus
449 1175 575 1241 habitae
609 1184 640 1239 et
673 1173 847 1238 calumniae
880 1173 913 1238 in
946 1198 1000 1240 eos
1032 1174 1137 1240 illatae
1170 1172 1210 1237 ab
1244 1173 1363 1238 eisdem

145 1277 279 1343 Petilliis
295 1277 405 1342 eodem
421 1279 490 1344 loco
506 1277 778 1363 eodemqueanno
794 1275 896 1340 factae
911 1299 980 1341 esse
992 1285 1157 1342 narrantur
1171 1276 1213 1358 [v.
1224 1275 1363 1340 Momm-

146 1401 257 1443 senum
279 1378 389 1444 Herm.
410 1379 437 1460 I,
459 1381 531 1460 206,
556 1378 765 1460 1=Quaest
790 1377 881 1442 Rom.
906 1377 939 1442 lI
960 1401 990 1466 p.
1006 1378 1093 1460 493}
1139 1401 1236 1463 quare
1261 1401 1363 1463 neque

145 1479 363 1546 Mommsenus
374 1503 476 1566 neque
487 1481 641 1546 Nissenus
656 1479 799 1564 [Quaest.
809 1480 937 1544 criticae
945 1489 1003 1544 oet.
1013 1503 1042 1567 p.
1051 1479 1126 1562 215]
1140 1489 1253 1561 errant,
1265 1481 1362 1545 immo

148 1581 232 1646 solus
254 1581 424 1668 Hauptius,
448 1605 542 1669 quem
562 1581 643 1667 fugit
660 1582 819 1668 Nepotem
839 1581 973 1648 Claudio
990 1579 1212 1666 Quadrigario,
1236 1581 1363 1646 Valerio

52 1735 54 1738 .
147 1682 272 1747 Antiati
293 1693 454 1748 auctorem
476 1681 515 1748 de
538 1683 595 1749 vir.
617 1683 660 1748 ill.
684 1705 741 1747 sua
763 1682 885 1748 debere.
932 1681 1043 1768 quodsi
1067 1681 1150 1748 hanc
1172 1682 1363 1748 Mommseni

149 1784 335 1849 sententiam
350 1783 509 1871 Hauptius
531 1783 661 1848 refutari
684 1785 840 1871 opinatur,
864 1782 1038 1869 quiaillud
1061 1782 1099 1848 de
1112 1784 1193 1849 libro
1207 1785 1363 1850 rationum

148 1887 245 1951 scisso
271 1908 332 1949 non
362 1909 402 1950 ex
428 1885 573 1967 Antiate,
608 1885 665 1951 sed
691 1909 709 1951 e
735 1884 870 1971 Polybio
896 1886 1024 1952 fluxisse
1051 1885 1269 1951 Mommsenus
1294 1887 1363 1972 ipse

147 1986 270 2070 [Herm.
294 2011 325 2073 p.
343 1986 520 2069 189=Qu
543 1986 783 2074 R.11,p.463]
809 1997 943 2067 censeat,
967 1989 1081 2058 iterum
1101 1987 1195 2074 plane
1228 1988 1362 2069 errat1).

147 2111 248 2174 neque
270 2088 356 2153 enim
377 2098 527 2169 nostrum,
551 2089 608 2154 sed
629 2088 755 2154 Livium
779 2113 795 2154 e
817 2088 953 2175 Polybio
975 2113 1033 2154 sua
1058 2089 1288 2176 deprompsisse
1314 2087 1363 2152 vir

146 2189 200 2254 ille
223 2188 422 2256 doctissimus
444 2201 560 2270 censet,
583 2200 690 2256 noster
713 2201 819 2256 autem
841 2190 872 2254 in
894 2189 954 2255 hae
968 2213 1002 2255 re
1019 2188 1225 2255 describenda
1238 2213 1257 2254 a
1270 2189 1363 2254 Livio

148 2313 212 2354 non
235 2291 338 2356 minus
361 2291 527 2379 discrepat,
551 2314 643 2377 quarn
667 2315 686 2356 a
707 2292 840 2379 Nepote.
885 2292 1001 2357 etenim
1022 2293 1132 2357 Livius
1156 2291 1362 2374 lXXXVllI,

148 2393 198 2474 55,
223 2394 271 2473 10,
295 2392 409 2478 Polyb.
434 2393 454 2457 l.
476 2394 509 2474 l,
533 2392 654 2458 Gellius
676 2393 695 2457 l.
718 2393 753 2476 l.]
777 2395 810 2458 in
833 2409 957 2474 senatu,
984 2404 1090 2458 noster
1119 2394 1172 2475 „in
1193 2405 1364 2479 conspeetu

147 2492 273 2580 populi“
298 2492 335 2561 P.
360 2492 543 2581 Scipionem
567 2495 720 2559 rationum
742 2495 858 2560 librum
881 2495 1011 2561 scidisse
1034 2494 1138 2576 refert,
1161 2493 1236 2580 quia
1257 2517 1363 2580 presse

148 2594 308 2660 Valerium
336 2596 498 2660 Antiatem
529 2597 680 2682 sequitur,
714 2597 768 2683 qni
800 2607 901 2663 totam
934 2619 1060 2663 causam
1096 2595 1180 2683 apud
1213 2597 1364 2683 populum

149 2708 252 2761 actam
275 2719 345 2763 esse
366 2697 470 2780 tradit,
493 2697 603 2762 Livius
626 2707 740 2778 autem,
764 2701 909 2784 quamvis
931 2699 1040 2770 eodem
1063 2697 1187 2762 Antiate
1202 2720 1259 2785 pro
1274 2721 1365 2783 prae-

148 2799 240 2885 cipuo
268 2798 354 2864 fonte
384 2821 460 2863 usus
487 2799 541 2878 sit,
575 2809 680 2863 tamen
707 2800 741 2864 in
769 2800 828 2864 hac
853 2811 941 2866 tanta
974 2811 1134 2865 auctorum
1169 2797 1363 2864 dissensione

151 2898 220 2984 [cfr.
244 2898 439 2981 XXXVIII,
463 2901 512 2980 56,
538 2900 569 2982 1]
594 2899 763 2965 Claudium
786 2911 818 2966 et
838 2902 1010 2988 Polybium
1032 2922 1156 2987 quoque
1177 2901 1314 2987 respicit.

230 2998 294 3067 Sed
316 3025 356 3066 ne
379 3001 507 3065 dilatem
530 3001 611 3066 hanc
634 3002 851 3088 quaestionem
873 3027 913 3068 ex
928 3004 1006 3083 aliis,
1031 3000 1204 3088 quaemihi
1220 3023 1362 3065 occurre-

145 3104 231 3182 bant,
255 3103 445 3187 argumentis
469 3103 529 3167 hoc
553 3127 648 3166 unum
671 3103 777 3168 affero,
823 3106 854 3168 in
877 3127 945 3191 cap.
968 3102 1047 3168 XLI
1069 3103 1204 3188 legimus
1227 3101 1362 3168 Cartha·

145 3203 302 3289 ginienses
324 3227 344 3267 a
364 3204 405 3286 Q.
427 3204 553 3269 Lutatio
570 3204 684 3270 Catulo
707 3204 787 3270 duce
801 3205 982 3270 Hamilcare
1003 3205 1128 3291 fugatos
1152 3227 1231 3285 esse,
1254 3205 1362 3290 Nepos

145 3315 251 3371 autem
276 3308 321 3390 (v.
344 3305 537 3370 Hamilcaris
560 3306 595 3389 2)
619 3305 727 3371 tradit:
759 3307 845 3394 ,ipse
868 3308 1063 3391 (Hamilcar)
1087 3328 1260 3391 numquam
1280 3306 1361 3371 hosti

215 3483 238 3540 l)
267 3477 364 3530 Verum
392 3477 472 3530 etiarn
500 3477 604 3528 omissis
632 3476 673 3544 his
696 3476 827 3545 Hauptius
856 3478 1009 3530 llommseni
1038 3477 1163 3530 iudicium
1201 3477 1361 3545 depravavit,

146 3563 317 3632 nequeenim
338 3561 385 3626 ,ad
406 3563 541 3616 Valerium
563 3564 697 3615 Antiatem
716 3579 756 3615 res
779 3564 810 3614 ab
835 3569 941 3616 auctore
966 3567 1053 3616 nostro
1078 3563 1186 3615 traditas
1212 3563 1361 3614 referendas

144 3651 216 3700 essa“
237 3649 415 3702 Mommsonus
439 3653 542 3712 censet,
569 3647 614 3700 sed
644 3664 738 3701 unum
766 3665 798 3700 ex
824 3649 940 3701 fontibus
968 3649 1115 3718 praecipuis
1142 3647 1276 3700 Antiatem
1304 3664 1361 3700 esse

145 3732 180 3801 [v.
199 3734 288 3787 Herm.
306 3734 321 3786 l.
342 3735 394 3789 l...
413 3733 445 3785 ob
465 3735 558 3786 Antias
583 3733 657 3787 nicht
681 3733 828 3803 riberhaupt
851 3735 922 3786 eine
942 3734 1118 3803 Hauptquelie
1139 3734 1185 3786 der
1207 3733 1305 3787 schrift
1330 3735 1361 3786 do

143 3820 191 3872 vir.
209 3819 245 3871 ill.
265 3820 343 3885 sei“],
363 3819 440 3887 idque
459 3836 507 3870 suo
526 3821 591 3883 iure,
610 3822 731 3888 quoniam
751 3820 782 3870 ab
803 3819 910 3871 Antiate
924 3819 1016 3872 Noster
1033 3836 1085 3872 non
1105 3820 1195 3889 paucis
1213 3820 1277 3871 locis
1290 3836 1361 3888 pror·

143 3917 191 3955 aas
210 3902 338 3970 abhorret,
357 3903 429 3955 velot
447 3921 469 3956 o.
484 3903 521 3967 ll,
542 3911 572 3958 12
591 3906 629 3958 eir
646 3903 815 3958 Plutarchum
836 3921 859 3959 v.
873 3906 947 3960 Rom.
960 3906 1024 3958 XIV
1045 3922 1067 3974 p.
1082 3910 1115 3959 30
1128 3905 1235 3969 Doehn,
1254 3905 1361 3969 e.111‚a
1407 3970 1411 3974 Ι

141 3989 186 4040 cfr.
202 3987 305 4040 Livium
324 3989 381 4051 XL,
401 3995 441 4054 29,
460 3993 475 4042 3
492 3997 518 4042 et
538 3990 649 4043 Plinium
667 3991 741 4058 Xlll,
762 3995 800 4053 13,
814 3996 847 4042 84
858 4000 892 4053 (v.
906 3991 1048 4044 Nissenurn
1063 3993 1170 4055 Quaest.
1185 3991 1241 4042 erit.
1254 4007 1279 4057 p.
1293 3994 1360 4054 236).

141 4073 506 4136 animaduersurum
528 4076 577 4128 Vll
595 4077 653 4142 (Vl)
671 4083 695 4144 8,
714 4081 729 4127 6
748 4094 773 4145 p.
787 4083 833 4128 221
859 4076 901 4130 ed.
918 4076 1015 4139 Hertz,
1043 4092 1066 4130 c.
1083 4075 1227 4140 xcviii
1254 4077 1360 4145 (,quen1
1447 4065 1451 4074 ’

141 4161 212 4213 inter
230 4161 409 4228 navigandum
429 4165 560 4228 ceperat“)
577 4163 623 4214 cfr.
644 4161 748 4214 Livium
766 4161 909 4224 XXXVll,
931 4167 972 4223 34,
992 4167 1007 4214 6
1026 4166 1062 4226 (v.
1075 4161 1309 4215 Weissenbornunr
1329 4161 1360 4212 ad

141 4245 166 4299 h.
190 4247 207 4299 l.
229 4251 255 4299 et
279 4247 420 4299 Nissenum
444 4247 461 4299 l.
484 4247 501 4300 l.
524 4264 550 4316 p.
567 4251 624 4311 rat)
651 4252 677 4299 at
704 4246 843 4313 Polybium
861 4247 937 4312 XXl,
967 4253 1005 4310 15,
1033 4251 1048 4298 3
1077 4265 1101 4315 p.
1118 4252 1182 4299 1048
1207 4245 1247 4298 ed.
1268 4247 1352 4315 Hult.;

140 4349 163 4386 c.
175 4330 246 4396 LXI,
265 4339 280 4383 2
298 4333 343 4385 eir.
362 4333 484 4386 Orosinrn
503 4331 535 4397 V,
554 4336 569 4384 3
591 4352 612 4397 p.
627 4337 676 4386 289
695 4332 735 4384 ed.
754 4333 862 4389 Haverc.
