3218 5174
727 490 767 553 25

138 688 254 754 librum
277 699 420 755 nostrum
441 689 601 758 uindicare
622 714 799 778 possumne,
833 689 1018 779 praesertim
1040 713 1113 756 cum
1138 691 1291 757 nonnulla
1318 690 1362 757 ibi

141 789 350 870 inveniantur,
375 815 455 878 quac
471 791 621 858 Suetonio
645 801 820 881 repugnent
839 792 925 858 velut
940 792 1054 874 omnia,
1078 815 1158 878 quae
1181 792 1219 859 de
1235 794 1363 878 regibus

145 890 185 973 [c.
202 891 362 957 II-VIII
384 917 414 958 v.
433 891 627 973 Suetonium,
651 918 681 981 p.
699 896 760 960 318
783 895 864 981 sqq.]
888 904 920 958 et
941 917 1021 980 quae
1037 893 1076 958 de
1093 893 1228 960 Claudia
1243 895 1364 980 virgine

141 990 308 1076 Vestali¹)
334 996 374 1078 [c.
397 994 510 1060 XLVI
533 1010 570 1061 v.'
587 993 715 1062 Sueten.
741 1021 768 1063 v.
792 996 862 1060 Tib.
887 997 920 1080 2]
946 1006 1121 1062 narrantur.

229 1095 320 1176 Quae
343 1117 416 1162 cum
436 1098 481 1162 ita
503 1099 577 1179 sint,
608 1121 679 1163 cum
709 1108 829 1164 ceteros
856 1121 964 1163 omnes
995 1097 1034 1163 de
1060 1100 1116 1163 vir.
1143 1099 1186 1167 ill.
1211 1109 1362 1178 auctores,

141 1218 221 1282 quos
237 1196 451 1286 Hieronymus
474 1209 645 1282 enumerat,
670 1199 872 1266 dimittendos
895 1223 963 1265 esse
979 1199 1150 1283 videamuS,
1172 1224 1252 1265 unus
1273 1201 1364 1266 nobis

140 1307 241 1364 restat
253 1297 289 1365 O.
302 1299 428 1366 Julius
439 1301 626 1390 Hyginus,
649 1327 743 1390 quem
764 1326 834 1368 mea
852 1301 977 1389 quidem
994 1303 1149 1368 sententia
1160 1303 1364 1390 praecipuum

141 1422 249 1465 rerum
271 1425 290 1466 a
311 1403 427 1468 Nostro
451 1413 482 1468 ct
500 1404 650 1493 Ampelio
673 1415 871 1470 narratarum
893 1415 1053 1469 auctorem
1075 1428 1144 1470 esse
1160 1404 1363 1470 Woelflliuus

141 1505 316 1569 rectissime
337 1507 451 1592 posuit.
486 1505 560 1593 quid
588 1507 673 1594 quod
695 1507 743 1572 vel
765 1507 874 1572 relicto
895 1507 952 1570 illo
972 1507 1162 1591 Hieronymi
1184 1506 1364 1572 testimonio

141 1605 312 1690 nonnullae
336 1605 375 1671 de
397 1607 433 1673 P.
458 1606 613 1675 Cornelio·
623 1606 770 1697 Scipione
792 1609 1046 1674 narratiunculae
1070 1633 1088 1673 a
1110 1609 1225 1673 Nostro
1247 1607 1364 1673 relatae

142 1715 222 1772 teste
237 1705 342 1773 Gellio
364 1709 404 1773 ab
421 1707 550 1795 Hygino
564 1709 598 1773 in
611 1709 689 1797 ipsis
713 1711 751 1775 de
775 1711 832 1776 vir.
854 1712 897 1778 ill.
920 1710 1009 1775 libris
1032 1709 1148 1776 eisdem
1170 1709 1236 1774 fere
1260 1711 1364 1776 verbis

141 1819 288 1874 narratae
311 1819 392 1874 sunt.
418 1811 612 1898 scripserunt
633 1812 714 1877 enim
737 1812 832 1880 haec:

196 1963 307 2022 cerins
327 1963 367 2021 vr
390 1963 490 2040 (vu),
515 1967 539 2038 1,
562 1983 589 2040 p.
616 1964 677 2022 rsa.
874 1972 949 2023 auct.
971 1966 1006 2022 oe
1028 1964 1080 2022 vir.
1100 1963 1142 2023 ru.
1163 1963 1271 2021 xum.

182 2075 214 2136 C.
230 2075 346 2152 Oppius
367 2083 397 2135 et
417 2075 539 2134 Julius
560 2075 728 2154 Hyginus

143 2169 252 2245 aliique
266 2171 315 2246 qui
330 2173 366 2230 de
381 2172 442 2230 vita
455 2177 485 2230 et
496 2172 581 2228 rebus
596 2171 727 2228 Africani

143 2265 451 2340 scripseruutmatrem
462 2266 524 2325 eius
536 2267 586 2325 diu
599 2266 728 2324 sterilem
761 2253 817 2305 ’-
837 2267 995 2337 antequam
1021 2261 1221 2338 conciperetur
1246 2281 1365 2337 serpens

144 2359 342 2418 existimatam
368 2361 552 2421 tradunt...
575 2368 677 2436 postea
697 2360 727 2416 iu
779 2356 809 2415 in
841 2356 918 2415 lecto
944 2355 1048 2414 matris
1079 2357 1139 2414 eius
1170 2357 1309 2434 apparuit
1339 2367 1367 2414 et

145 2455 276 2512 cubiculo
307 2463 395 2531 atque
424 2455 499 2515 lecto
530 2456 660 2514 mulieris
675 2499 681 2515 .
699 2500 726 2514 ..
779 2452 837 2530 ipsi
849 2451 974 2528 parvulo
989 2452 1077 2510 draco
1088 2452 1279 2510 circumluens
1294 2451 1365 2508 nihil

143 2551 238 2610 visum
249 2557 369 2627 repente
379 2569 442 2608 esse
454 2551 537 2608 iuxta
547 2570 612 2608 eam
622 2551 729 2608 cubare
781 2547 890 2606 nocuit.

145 2645 291 2721 ingentem
305 2663 450 2722 anguem.
466 2691 473 2704 .
489 2690 496 2703 .
517 2664 611 2722 neque
631 2644 730 2702 multis

145 2739 247 2798 dicbus
267 2746 423 2816 postquam
450 2739 500 2797 ille
522 2741 625 2818 anguis
647 2739 729 2814 risus

146 2844 198 2907 est,
210 2834 359 2893 mulierem
371 2836 500 2911 coepisse
510 2835 642 2911 concepti
654 2835 730 2892 fetus

145 2927 229 3004 signa
249 2934 339 3004 atque
358 2947 476 2988 sensum
496 2930 582 3005 pati.
605 2975 612 2990 .
634 2975 641 2990 .

184 3021 348 3099 Scipionem
360 3025 438 3084 hunc
448 3023 615 3084 Africanum
628 3023 729 3082 solica-
821 3013 854 3069 111
881 3012 1060 3090 Capitolium
1086 3012 1261 3092 intempesta
1286 3025 1367 3072 nocte

145 3117 223 3174 visse
252 3103 347 3176 noctis
378 3125 529 3179 extremo,
551 3164 557 3178 ,
580 3165 587 3180 ‚
616 3120 646 3178 in
672 3118 729 3178 oa.
782 3118 896 3165 euntem
908 3127 1068 3184 numquam
1081 3126 1167 3190 canes
1178 3107 1366 3170 latraverunt.

146 3211 281 3286 pitolium
302 3213 442 3271 ventitare
462 3232 496 3271 ac
508 3215 606 3272 iubere
623 3213 730 3290 aperiri
782 3222 835 3260 ¹¹0⁰
845 3201 893 3260 115⁰
903 3203 1060 3278 qnicquam
1077 3203 1159 3278 plius
1174 3202 1368 3280 ⁰⁰0Pllq¹¹³m

146 3306 248 3364 cellam
270 3306 355 3366 ,lovis
380 3318 468 3385 atque
493 3307 532 3366 ibi
559 3309 654 3367 S0lum
679 3307 729 3366 diu
782 3297 812 3354 in
838 3296 911 3356 cella
937 3295 1022 3354 doris
1047 3296 1208 3355 diutissime
1234 3298 1367 3372 sedisset,

146 3401 304 3476 demorari,
335 3403 419 3478 quasi
450 3402 663 3461 consultantem
696 3403 730 3460 de
783 3393 867 3468 quasi
882 3391 1012 3450 divinam
1028 3402 1152 3450 menlem
1165 3392 1332 3468 accepisset.

146 3496 296 3574 republica
320 3515 385 3553 cum
410 3496 486 3554 Jove
509 3498 731 3574 aeditumosque

148 3590 210 3649 eius
231 3589 336 3666 templi
362 3609 448 3668 saepe
473 3609 536 3650 esse
560 3592 732 3666 demiratos,

147 3685 224 3760 quod
257 3685 353 3743 solum
382 3685 414 3743 id
444 3686 584 3762 temporis
615 3687 646 3744 in
675 3685 732 3746 Ca-

146 3779 279 3854 pitolium
287 3779 493 3856 ingredientem
502 3800 587 3839 canes
599 3827 605 3841 .
617 3829 623 3842 .
639 3801 733 3858 neque

147 3873 291 3932 latrarent
309 3893 374 3930 eum
395 3893 490 3950 neque
510 3874 699 3936 incurrerent.

218 4127 243 4189 1>
261 4125 357 4179 Noster
376 4127 413 4192 [r.
432 4125 626 4194 Hieronymum
644 4124 703 4180 adv.
721 4125 825 4178 Jovisn.
843 4141 865 4183 c.
884 4131 917 4179 26
936 4129 963 4178 ct
981 4126 1162 4180 Herodianum
1181 4126 1201 4190 l,
1224 4128 1266 4192 11]
1292 4125 1369 4180 Olau-

148 4209 217 4262 diam
242 4210 305 4263 iacit
332 4211 461 4280 virginem
486 4211 628 4275 Vestalem,
655 4210 799 4265 Suetonius
829 4208 863 4278 [v.
890 4210 1041 4265 Ciceronem
1071 4214 1101 4266 de
1129 4213 1235 4280 harusp.
1263 4230 1370 4282 respon·

148 4298 182 4349 sis
202 4296 336 4362 xl11,a⁷‚
355 4297 461 4351 Livium
480 4297 584 4362 XXIX,
605 4304 643 4359 12,
665 4303 689 4360 1,
712 4295 835 4352 Ovidium
859 4297 919 4352 fast.
939 4299 984 4362 IV,
1004 4303 1054 4350 313
1078 4299 1131 4362 (cir.
1152 4298 1322 4364 Merclelium
1342 4300 1368 4350 iu

147 4384 227 4454 preci.
247 4399 271 4447 p.
285 4383 454 4448 CLXXXll),
476 4385 624 4452 Appianum
640 4383 724 4434 Hann.
737 4381 794 4437 LVl
813 4385 1056 4454 pennatorum
1078 4401 1135 4436 earn
1153 4385 1235 4436 luisse
1250 4384 1370 4439 tradunt.
