3218 5174
317 1317 419 1450 Cum
447 1378 492 1452 de
520 1377 682 1451 omnium
709 1379 785 1453 fere
812 1389 978 1453 veterum
1011 1378 1268 1452 historicorum
1290 1375 1452 1454 fontibus

237 1529 274 1594 et
300 1521 516 1594 auctoritate
543 1521 652 1595 etiam
680 1531 789 1619 atque
814 1521 922 1594 etiam
949 1522 1162 1619 anquiratur
1188 1529 1224 1594 et
1245 1519 1453 1608 disseratur,

236 1655 337 1744 liber,
364 1657 427 1753 qui
454 1657 664 1730 inscribitur
692 1658 738 1729 de
765 1657 853 1730 viris
878 1656 1096 1746 illustribus,
1138 1655 1185 1727 ad
1211 1653 1282 1727 hoc
1307 1665 1453 1751 tempus

195 1799 199 1805 '
237 1791 370 1864 mirum
406 1803 582 1890 quantum
619 1791 835 1890 neglegitur.
888 1817 972 1864 nam
1007 1815 1125 1890 nuper
1156 1790 1303 1863 demum
1338 1789 1455 1888 prima

238 1927 283 2001 de
310 1928 391 2026 ipso
413 1928 485 2001 hoc
511 1927 605 2001 libro
631 1928 798 2001 instituta
824 1937 879 2018 est
905 1927 1079 2023 quaestio,
1107 1925 1314 2024 quicunque
1332 1934 1453 1998 autem
1554 1989 1557 1996 .

239 2072 348 2136 antea
399 2063 444 2134 dc
499 2087 543 2135 eo
596 2063 893 2163 disputaverunt,
950 2087 1028 2136 rem
1078 2062 1278 2160 tetigerunt
1332 2059 1455 2159 potius

238 2223 346 2295 quam
376 2207 636 2272 tractaverunt.
690 2199 791 2296 atqui
824 2208 968 2273 constat
994 2197 1089 2271 inter
1127 2221 1265 2288 omnes,
1307 2197 1370 2295 qui
1396 2197 1455 2270 vel

239 2334 428 2408 occasione
458 2333 542 2406 data
567 2334 699 2408 librum
727 2336 981 2434 inspexerunt,
1018 2335 1096 2407 eius
1127 2343 1342 2432 argumento
1371 2359 1456 2407 con·

239 2471 446 2567 dicionique
473 2469 567 2544 hanc
594 2473 861 2570 neglegentiam
881 2472 1028 2545 minime
1048 2470 1283 2569 respondere.
1337 2494 1455 2568 neque

238 2605 335 2680 enim
381 2630 546 2679 errorum
593 2606 815 2679 abundantia
859 2619 922 2681 aut
968 2632 1089 2682 rerum
1135 2605 1258 2702 inopia
1303 2606 1455 2696 laborat,

239 2765 357 2838 neque
385 2767 432 2816 ex
460 2742 668 2815 auctoribus
701 2743 847 2841 pendet,
882 2770 1037 2842 quorum
1070 2742 1152 2816 libri
1188 2743 1293 2816 nobis
1326 2768 1457 2841 suppe-

240 2888 330 2967 tunt,
358 2877 471 2951 immo
499 2878 687 2976 aptissima
712 2880 891 2954 brevitate
915 2904 1152 2978 permagnam
1171 2903 1292 2952 rerum
1312 2878 1456 2977 copiam

238 3013 462 3112 perstringit,
490 3039 583 3110 quac
610 3015 706 3112 apud
734 3015 823 3090 alios
852 3025 1018 3088 auctores
1046 3014 1105 3088 vel
1122 3014 1257 3088 frustra
1276 3039 1458 3114 quaerun-

239 3160 301 3221 tur
327 3149 384 3222 vel
412 3148 517 3221 aliter
543 3149 758 3223 referuntur.

342 3282 462 3374 Quare
504 3285 675 3385 equidem
716 3312 783 3384 pro
818 3287 919 3360 tenui
954 3313 1036 3360 mea
1068 3297 1172 3387 parte
1208 3286 1303 3361 hanc
1342 3312 1459 3386 paene

242 3419 422 3517 integram
453 3411 703 3517 quaestionem
732 3424 885 3521 suscepi,
912 3424 959 3497 ad
985 3449 1094 3520 quam
1119 3424 1381 3498 absolvendam
1401 3423 1460 3497 vel

241 3553 398 3627 tironem
427 3555 613 3652 paululum
640 3558 807 3632 conferre
834 3585 943 3658 posse
966 3558 1123 3633 confido.
1165 3569 1275 3656 atque
1301 3559 1460 3659 primum

243 3689 407 3762 virorum
451 3690 642 3764 doctorum
684 3695 730 3768 de
769 3694 931 3768 fontibus
970 3695 1054 3768 libri
1084 3695 1200 3769 nostri
1233 3696 1460 3770 coniecturas

244 3825 486 3923 perlustrabo,
514 3828 644 3918 deinde
669 3819 787 3902 meam
813 3831 1031 3904 sententiam
1054 3833 1278 3929 argumentis
1295 3829 1460 3922 firmabo,

244 3960 400 4057 denique
431 3962 518 4059 quid
552 3966 597 4038 de
628 3965 786 4038 auctoris
822 3966 937 4038 nostri
976 3965 1049 4040 fide
1082 3966 1256 4042 historica
1293 3966 1460 4057 iudicem,

244 4096 449 4194 explicabo.
