3258 5186
780 486 840 550 115

706 571 908 584 -d

282 686 402 747 Codex
422 687 697 750 Laurentianus.

198 815 278 864 retur
326 807 419 866 Mutio
470 828 559 886 remp.
573 809 661 867 vellet
714 827 781 885 pro-

199 907 315 960 secutus
374 902 392 960 8
402 900 555 961 Lucretiae
566 903 681 979 (aedilis
692 921 782 960 manu

199 997 265 1072 om.)
284 997 314 1053 in
329 994 469 1073 Tyberim
489 997 596 1055 missus
656 995 782 1074 Vispilio

200 1092 217 1150 9
242 1089 353 1150 Nasica
376 1091 452 1149 unde
478 1091 606 1150 invidiae
630 1090 782 1149 subtrahe·

199 1191 299 1246 rentur
318 1205 371 1263 per
391 1204 473 1262 spem
493 1184 646 1264 legationis

239 1597 302 1668 bap.
324 1596 385 1653 txv
406 1595 478 1652 deest
496 1599 525 1651 in
547 1596 607 1652 coci.
627 1592 720 1650 Lacr.

240 2449 303 2519 tap.
326 2447 408 2519 lxvi,
431 2445 444 2502 l
467 2443 650 2518 eloquentiae
710 2442 727 2500 2
749 2443 788 2500 Et

203 2541 258 2617 (ibi
272 2541 338 2618 ona)
352 2540 486 2598 Renumo
500 2537 629 2614 collegae
715 2539 797 2614 reip·

203 2634 367 2710 subgerenti
427 2652 489 2710 rep.
561 2632 702 2692 tiuditia
722 2652 787 2708 per·

203 2728 285 2786 misit
352 2729 369 2787 5
390 2727 454 2805 ipse
474 2738 502 2785 et
521 2729 669 2804 protessus
738 2745 788 2783 ne-

203 2821 276 2879 mini
297 2840 348 2879 om.
470 2840 590 2880 coenum
610 2822 731 2897 liquisse
764 2846 766 2850 ⁴

205 2915 428 2974 6Mauritaniae
438 2916 578 2992 principis
639 2916 731 2974 Bocoo

205 3011 221 3068 7
233 3012 425 3070 Acherbalem
474 3013 492 3071 9
504 3011 613 3071 Consul
623 3011 734 3088 legibus

205 3104 242 3163 de
256 3106 382 3178 naribus,
403 3125 477 3181 quae
491 3106 544 3164 illa
557 3105 672 3164 luxuria
686 3124 789 3181 expro-

188 3202 291 3259 'brans
323 3200 408 3258 morti
440 3213 535 3258 autem
567 3201 651 3259 detur
680 3201 790 3260 dixisse

205 3295 319 3353 dicebat
401 3296 436 3353 10
457 3295 546 3354 nimia
566 3315 618 3354 om.
700 3295 788 3354 venit.

205 3389 252 3446 Ita
266 3390 348 3466 plebs
406 3391 516 3466 equites
537 3389 567 3448 in
588 3396 691 3449 senatu
711 3390 790 3449 lecti-

206 3484 340 3542 tabantur
353 3484 416 3560 (sed
431 3485 580 3561 praeteriti
597 3485 790 3561 querebantur

207 3581 272 3655 om.)
330 3579 441 3638 inditiis
504 3580 536 3637 ll
549 3580 579 3637 in
590 3579 706 3656 publico
717 3581 790 3639 ceoi-

208 3674 252 3732 dit
262 3674 325 3732 sine
336 3675 437 3733 morbo
447 3674 589 3733 comiciali
620 3673 789 3751 Cepionem.

246 3996 309 4068 bap.
326 3997 418 4067 lxvii,
442 3996 453 4050 l
475 4013 541 4051 eum
558 4012 610 4052 om.
671 3991 791 4069 20ym-

208 4089 276 4146 bros
335 4087 502 4146 Theutones
566 4088 595 4145 in
616 4105 719 4162 campo
740 4085 792 4146 Sa·

208 4182 286 4240 sidio
370 4183 500 4241 3iaotus
520 4201 571 4241 ont.
649 4181 792 4258 Apuleum

209 4275 407 4351 (Saturninum
429 4278 494 4353 orn.)
561 4276 690 4335 Olaciam
709 4295 794 4353 prae-

209 4383 301 4432 torem
373 4373 537 4449 4Sulpitia
610 4371 710 4448 Syllae
732 4371 792 4447 [aio.

211 4469 307 4543 conat]
366 4468 524 4526 Minturnis
545 4484 596 4526 om.

949 689 1066 749 Codex
1088 688 1299 748 Vaticanus.

832 809 881 867 ille
901 808 930 865 in
949 809 1047 884 spolio
1066 809 1159 868 dictus
1241 808 1258 866 9
1278 826 1331 885 per
1351 826 1416 883 spe·

833 904 901 961 tiem

876 1597 937 1667 tan.
974 1594 1045 1666 ixi,
1093 1592 1105 1648 l
1147 1592 1269 1651 sortitus
1300 1601 1421 1668 questor

875 1688 1006 1747 discessit
1067 1685 1253 1744 tsubstinuit
1316 1685 1419 1743 4ἀὶνί-

837 1781 938 1840 dendis
1009 1781 1105 1840 caium
1127 1779 1268 1838 Crassum
1327 1779 1419 1837 5Μὶ-

837 1878 918 1936 nutio
939 1879 1039 1936 Rucco
1117 1894 1180 1934 cum
1201 1873 1312 1932 attilius
1333 1893 1420 1950 preco

914 1973 980 2046 Qua
999 1991 1031 2029 re
1051 1971 1191 2028 acersitus
1292 1970 1421 2029 Pontino

837 2068 931 2127 amico
1000 2063 1106 2123 Publio
1126 2064 1261 2123 Lectorio
1327 2065 1357 2122 in
1379 2065 1420 2122 lo·

837 2182 902 2221 cum
924 2162 1036 2218 furiana
1099 2161 1116 2218 6
1138 2160 1228 2218 eufori
1296 2165 1422 2234 caputa

838 2256 960 2332 septimo
981 2254 1070 2313 atello
1090 2254 1184 2313 amico
1300 2255 1338 2312 ad
1359 2253 1421 2329 opi-

838 2370 918 2408 mum
976 2367 1049 2406 auro
1069 2366 1196 2426 expenso

878 2447 942 2516 tau.
964 2447 1045 2512 1Χ1ΙΙ,
1067 2443 1083 2500 2
1104 2443 1146 2500 ibi
1166 2441 1302 2500 Reminio

840 2541 856 2596 3
869 2545 946 2598 esset
956 2539 1021 2614 ipso
1062 2538 1093 2612 (4
1104 2537 1214 2595 curiam
1225 2535 1339 2594 senatui
1349 2535 1421 2592 iudi-

840 2633 885 2691 cia
914 2632 1054 2708 permisit.
1097 2629 1215 2688 Nimiae
1240 2629 1423 2688 liberalitatis

841 2727 907 2802 ont.)
977 2726 1069 2798 celum
1091 2736 1120 2781 et
1140 2744 1240 2792 cenum
1305 2726 1321 2780 6
1344 2743 1423 2781 man-

841 2821 935 2879 ritane
954 2819 1114 2897 principem
1189 2818 1276 2876 bodio
1296 2818 1425 2893 prodidit

900 2915 916 2972 7
938 2914 1032 2973 oculte
1052 2932 1071 2970 a
1146 2913 1163 2972 8
1183 2912 1348 2988 Scipionem
1368 2911 1424 2969 ini-

841 3009 946 3067 micum
1029 3006 1178 3066 thonsul
1198 3006 1312 3082 legibus
1394 3006 1425 3062 in

843 3103 964 3162 comicio
1038 3121 1092 3180 qap
1112 3101 1162 3160 ille
1183 3101 1298 3159 luxuria
1318 3119 1425 3177 expro-

841 3201 914 3259 bans
934 3197 1025 3256 morti
1044 3204 1141 3256 autem
1161 3197 1244 3254 detur
1257 3195 1368 3256 dixisse
1381 3197 1425 3256 di-

842 3295 926 3353 cebat
980 3294 1016 3351 10
1029 3292 1141 3368 equites
1156 3291 1198 3367 (in
1213 3301 1344 3349 senatum
1359 3291 1424 3365 om.)

842 3388 892 3447 leti
912 3389 1076 3446 letabuntur
1214 3386 1278 3462 (sed
1297 3393 1426 3462 praeter-

841 3483 877 3540 iti
897 3482 1092 3560 querebantur
1112 3481 1176 3558 om.)
1275 3481 1426 3558 permissis

841 3577 984 3636 iudicibus
1077 3578 1110 3634 ll
1133 3576 1195 3634 sine
1216 3577 1317 3636 morbo
1337 3577 1427 3636 comi-

843 3671 909 3730 ciali
1006 3671 1042 3729 12
1062 3671 1194 3730 immisso
1215 3672 1292 3730 intra
1313 3672 1426 3730 turbam

844 3767 933 3843 [nollo
943 3769 1035 3842 spatio
1048 3768 1209 3842 interposito
1223 3767 1428 3842 subsequantur

844 3863 942 3937 capitis
961 3859 1078 3919 LXXII
1098 3861 1115 3938 ᾗ
1131 3861 1165 3918 11
1186 3855 1285 3918 oerbc:
1305 3860 1348 3919 ait
1366 3859 1427 3918 Va·

843 3957 903 4014 rius
923 3956 1134 4032 veronensis“].
