3218 5174
794 391 832 456 16

275 602 349 650 auct.
370 592 405 650 de
426 592 479 652 vir.
501 591 542 650 ill.
565 592 697 666 XXXV,
719 595 735 651 6
1004 595 1121 669 Ampel.
1141 595 1238 668 XLV,
1259 596 1276 653 2

250 701 402 780 [Pyrrhus]
424 705 462 762 ad
482 704 652 761 vicesimum
674 706 710 762 ab
724 706 795 762 urbe
885 705 1016 782 Pyrrhus
1037 706 1072 762 ad
1100 706 1270 766 vicesimum
1301 708 1427 784 lapidem

210 795 338 870 lapidem
359 807 456 856 castra
477 799 583 874 posuit.
847 799 1036 858 ..concessit

289 930 365 982 auct.
387 925 422 984 de
443 927 496 983 vir.
517 927 557 984 ill.
580 927 678 998 XLII,
700 927 717 984 6
1003 929 1118 1004 Ampel.
1141 928 1232 1000 XLV,
1254 929 1271 986 2

296 1036 346 1100 Ac
367 1037 542 1103 rectissime
565 1038 764 1103 Woelfilinus
798 1048 903 1103 censet
924 1047 1020 1102 totam
1044 1063 1111 1103 rem
1137 1040 1202 1104 iam
1232 1041 1431 1127 profligatam

212 1135 313 1200 videri
335 1161 436 1224 posse,
463 1139 523 1204 nisi
545 1140 638 1226 plane
660 1164 743 1205 novc
764 1139 920 1204 interdum
944 1140 1028 1224 apud
1051 1142 1233 1230 Ampelium
1256 1141 1432 1230 deprehen·

211 1236 372 1320 deremuS,
407 1264 487 1326 quae
513 1241 597 1328 opud
624 1250 784 1305 auctorem
812 1241 851 1306 de
878 1242 935 1306 vir.
963 1243 1004 1306 ill.
1038 1243 1191 1309 deessent.
1238 1267 1432 1330 quamquam

214 1362 322 1404 eorum
345 1341 560 1407 condicionem
584 1366 649 1407 non
677 1341 758 1406 hanc
787 1365 869 1425 esse,
904 1354 939 1408 ut
965 1345 1085 1409 auctori
1111 1355 1219 1410 nostro
1245 1355 1430 1433 repugnent,

114 1455 117 1462 ’
211 1450 246 1504 ut
269 1442 373 1524 potius
396 1467 465 1508 eum
491 1444 637 1530 supplere
660 1443 833 1508 videantur.
867 1444 927 1509 hoc
949 1456 1051 1510 autem
1074 1447 1222 1533 proponit
1236 1447 1430 1532 exemplum:

291 1567 364 1618 auct.
386 1562 422 1618 de
442 1563 495 1623 vir.
516 1563 558 1620 ill.
580 1562 698 1637 XXXI,
724 1565 734 1620 l
994 1565 1109 1642 Ampel.
1131 1564 1246 1652 XVIII,
1269 1567 1284 1623 7

251 1671 283 1728 L.
305 1671 442 1748 Papirius
469 1694 487 1731 a
512 1675 665 1732 velocitate
686 1672 795 1732 Cursor
884 1677 1022 1752 Papirius
1049 1675 1170 1736 Cursor:
1202 1675 1248 1734 hic
1276 1675 1432 1744 Samnites,

212 1766 248 1822 de
270 1764 448 1826 Samnitibus
469 1767 667 1845 triumphavit.
847 1774 894 1848 qui
910 1773 1061 1831 Romanos
1081 1771 1134 1829 snb
1154 1771 1254 1848 iugum
1275 1770 1432 1852 pugnando

846 1867 994 1940 miserant,
1008 1867 1099 1925 victos
1110 1866 1271 1944 Ignominia
1281 1865 1344 1940 pari
1358 1865 1432 1922 affe·

846 1962 884 2020 cit
910 1967 940 2018 et
965 1979 983 2017 a
1013 1959 1166 2018 velocitate
1191 1958 1302 2018 Cursor
1331 1959 1432 2034 appel·

846 2056 931 2113 latus.

296 2133 458 2220 Hauptius
480 2134 559 2198 hacc
581 2133 681 2198 addit:

290 2263 362 2312 auct.
386 2254 423 2311 de
443 2253 495 2312 vir.
516 2251 558 2309 ill.
579 2252 661 2324 LXI,
683 2255 701 2308 4
965 2249 1079 2326 Ampel.
1100 2248 1212 2322 XVIII,
1234 2251 1270 2307 14

290 2354 364 2405 auct.
386 2348 423 2405 de
445 2347 497 2404 vir.
518 2347 559 2406 ill.
581 2346 718 2418 LXXIV,
740 2347 756 2404 7
963 2345 1079 2421 Ampel.
1100 2343 1213 2416 XVIII,
1238 2343 1271 2402 18

288 2451 363 2498 auct.
385 2441 420 2498 de
440 2441 492 2500 vir.
514 2440 555 2498 ill.
575 2440 673 2498 XLIV
964 2439 1078 2514 Ampcl.
1099 2437 1186 2508 XIX,
1211 2439 1244 2494 11

289 2540 361 2594 auct
384 2535 419 2591 de
440 2535 493 2591 vir.
515 2534 555 2592 ill.
578 2534 705 2608 LXXII,
728 2537 763 2592 10
963 2533 1079 2610 Ampel.
1101 2533 1181 2604 XIX,
1207 2534 1240 2589 10

290 2639 365 2686 auct.
388 2630 424 2687 de
445 2629 499 2685 vir.
519 2627 560 2686 ill.
582 2627 703 2686 XXXV
964 2627 1079 2704 Ampel.
1101 2625 1249 2696 XXVIII,
1271 2626 1297 2686 3.

298 2739 420 2822 Quibus
443 2740 595 2827 exemplis
617 2740 696 2804 haec
718 2739 795 2804 mihi
818 2740 963 2805 videntur
985 2762 1053 2805 esse
1075 2738 1254 2804 adicienda:

276 2869 348 2921 auct.
372 2861 408 2918 de
428 2861 480 2918 vir.
502 2860 544 2917 ill.
565 2857 689 2930 XLVII,
712 2861 725 2916 l
998 2859 1114 2934 Ampel.
1137 2857 1248 2928 XVIII,
1269 2857 1285 2914 3

220 2955 225 2964 ⁸
255 2971 300 3028 Ti.
324 2970 512 3048 Sempronius
533 2968 685 3030 Gracchus
714 2970 796 3028 nobi·
886 2971 935 3030 Ti.
971 2970 1134 3041 Gracchus,
1178 2968 1229 3045 qui
1251 2967 1431 3046 ,Scipionem

214 3065 329 3123 lissima
366 3065 478 3122 scurilia
512 3072 594 3123 ortus
630 3063 818 3142 Scipionemv
848 3066 1027 3138 Asiaticum,
1054 3063 1188 3140 quamvis
1208 3062 1358 3120 inimicum
1378 3059 1432 3117 ha-

213 3159 378 3217 Asiaticum
399 3157 533 3234 quamvis
558 3158 707 3215 immicum
733 3159 796 3216 duci
848 3162 942 3232 beret,
973 3178 1032 3216 non
1060 3168 1104 3216 est
1128 3176 1231 3233 passus
1260 3175 1278 3212 a
1307 3153 1432 3214 tribunis

213 3253 245 3311 in
266 3272 411 3310 carcerem
431 3272 489 3311 non
510 3257 555 3310 est
574 3270 689 3326 passus.
848 3257 878 3314 in
898 3274 1041 3313 carcerem
1063 3251 1140 3325 duci,
1162 3251 1240 3328 quod
1259 3250 1369 3307 diceret
1382 3265 1432 3305 ne·

847 3350 893 3408 fes
914 3350 954 3407 ibi
976 3367 1039 3407 esse
1060 3346 1225 3422 Scipionem
1252 3344 1301 3402 ubi
1326 3339 1433 3419 captivi

848 3443 926 3501 illius
948 3442 1041 3500 adhuc
1061 3441 1175 3517 alligati
1197 3447 1369 3497 tenerentur.

296 3553 368 3600 auct.
390 3543 426 3600 de
448 3544 499 3602 vir.
521 3543 563 3600 ill.
584 3541 696 3614 LVIII,
717 3542 734 3599 2
967 3553 970 3562 “
1006 3543 1122 3620 Ampel.
1141 3542 1241 3614 XXII,
1263 3541 1280 3598 3

292 3677 366 3729 auct.
389 3673 425 3730 de
445 3673 498 3731 vir.
518 3672 559 3732 ill.
580 3669 680 3742 XVII,
702 3670 720 3727 5
995 3670 1109 3748 Ampel.
1131 3669 1257 3741 XXVII,
1279 3666 1296 3725 2

254 3782 361 3841 Iterum
383 3794 449 3858 post
469 3784 570 3861 viginti
595 3799 687 3841 annos
708 3781 798 3838 dicta·
889 3785 1013 3844 Maelius
1034 3803 1096 3841 cum
1125 3778 1316 3839 frumentaria
1343 3777 1432 3854 largi-

215 3882 263 3932 tor
293 3877 388 3935 dictus
415 3877 627 3957 [Cincinnatus]
661 3881 797 3958 Spurium
850 3880 928 3938 tione
959 3878 1095 3935 affectare
1125 3894 1245 3952 regnum
1277 3873 1433 3944 videretur,

216 3970 354 4032 Maelium
370 3992 489 4050 regnum
504 3975 690 4035 affectantem
704 3998 723 4035 a
733 3975 798 4036 Ser·
848 3974 930 4031 iussu
952 3972 1080 4047 Quinctii
1096 3967 1260 4030 Cincinnati
1281 3966 1432 4025 dictatoris

216 4065 286 4123 vitio
300 4065 396 4124 Ahala
416 4068 555 4144 magistro
576 4069 706 4146 equitum
725 4070 798 4127 occi·
849 4089 867 4126 a
887 4068 1026 4145 magistro
1047 4065 1175 4141 equitum
1190 4064 1219 4120 in
1238 4061 1343 4119 rostris
1358 4060 1433 4117 occi-

215 4166 245 4222 di
265 4166 357 4224 iussit.
848 4181 897 4221 sus
917 4173 970 4220 est.

259 4278 331 4327 auct,
355 4269 390 4326 de
410 4266 463 4325 vir.
482 4265 524 4324 ill.
544 4265 641 4338 XLII,
667 4267 678 4322 l
696 4283 760 4342 sqq.
986 4262 1098 4339 Ampel.
1120 4252 1266 4330 XXVIII,
1286 4261 1305 4316 4

255 4380 329 4430 auct.
351 4369 386 4428 de
407 4370 459 4427 vir.
480 4368 520 4428 ill.
542 4367 669 4441 XXXV,
691 4368 717 4428 6.
1007 4364 1124 4442 Ampel.
1144 4362 1238 4437 XLV,
1260 4363 1277 4420 2
