3218 5174
854 487 895 550 28

776 572 977 582 —---—-.-.-

368 683 445 742 Flor.
467 684 492 758 Ι,
516 684 561 759 17,
582 704 608 760 p.
631 685 677 754 26,
698 685 745 744 23.
918 697 920 704 ’
958 699 1034 748 auct.
1055 689 1090 747 de
1110 689 1162 750 vir.
1184 688 1225 750 ill.
1246 688 1361 763 XXIII,
1382 691 1436 767 4¹)

266 826 303 838 —
325 793 495 868 Camillum,
526 795 604 871 quod
634 796 848 873 inique....
901 832 938 843 -
960 798 1101 874 Camillo,
1133 801 1209 876 quod
1231 801 1307 860 albis
1328 802 1411 879 equis
1432 803 1506 860 tri·
1590 877 1591 882 ἵ

266 887 849 966 divisisseVeientempraedamvide-
901 893 1071 971 umphasset
1101 901 1131 953 et
1162 896 1330 972 praedam
1361 897 1507 973 inique

265 987 354 1040 retur.
684 1051 685 1056 ἵ
901 989 1101 1050 divisisset.

373 1129 451 1188 Flor.
472 1129 495 1204 Ι,
517 1130 563 1204 22,
585 1151 612 1207 p.
634 1133 681 1206 40,
702 1131 748 1190 24.
774 1181 775 1186 .
959 1141 1034 1192 auct.
1055 1136 1091 1194 de
1113 1137 1164 1198 vir.
1186 1135 1228 1194 ill.
1251 1137 1389 1212 XLVIII,
1415 1141 1426 1196 I

267 1274 301 1284 -
324 1248 422 1300 actum
442 1249 505 1299 erat
525 1242 626 1318 procul
648 1243 737 1302 dubio
758 1246 782 1302 si
805 1246 849 1303 vir
901 1255 1054 1323 actumque
1074 1259 1135 1306 erat
1149 1251 1186 1308 de
1202 1251 1334 1309 Romano
1352 1251 1501 1327 imperio,

264 1333 367 1394 illese
388 1354 451 1392 eum
472 1336 564 1394 fratre
583 1337 739 1396 iunxisset.
900 1342 925 1400 si
949 1343 1068 1419 iungere
1093 1362 1125 1402 se
1146 1343 1304 1403 Hannibali
1332 1345 1500 1421 potuisset.

351 1481 377 1540 F
379 1481 432 1540 lor.
453 1482 478 1557 Ι,
499 1482 546 1556 24,
566 1504 596 1562 p.
617 1486 663 1558 43,
686 1485 761 1559 28²).
1013 1498 1086 1548 auct.
1107 1489 1142 1548 de
1162 1490 1215 1552 vir.
1237 1490 1277 1548 ill.
1299 1490 1370 1549 LIV

266 1627 301 1636 -—
334 1593 395 1651 suis
428 1594 531 1670 opibus
564 1602 594 1653 et
623 1597 740 1655 nomine
770 1598 849 1675 regio
901 1601 1497 1677 -nimiaopumliduciabellumRoma·

264 1687 355 1745 fretus
376 1688 445 1746 satis
470 1689 570 1747 habuit
600 1691 707 1748 bellum
733 1712 849 1750 movere
901 1696 946 1754 uls
966 1696 1064 1754 intulit
1090 1697 1186 1772 specie
1207 1697 1413 1774 Lysimachiae
1440 1719 1497 1756 re-

339 1781 554 1860 Lysimachiam
576 1786 675 1844 urbem
706 1787 736 1844 in
764 1786 850 1846 litore
900 1791 1064 1866 petendae‚.
1092 1809 1179 1866 quam
1201 1810 1219 1849 a
1244 1792 1403 1850 maioribus
1425 1795 1495 1850 suis

265 1875 393 1935 Thracio
419 1879 544 1956 positam
571 1881 766 1964 amaioribus
788 1881 849 1939 suis
900 1884 1038 1942 traditam
1060 1885 1187 1944 Romani
1213 1886 1402 1962 possidebant
1426 1897 1495 1944 sta·
1590 1893 1591 1970 l

266 1973 427 2031 Antiochus
454 1984 485 2030 ut
514 1974 691 2034 hereditario
718 1976 779 2033 iure
805 1996 849 2033 re·
901 1977 1013 2054 timque
1034 1977 1189 2038 Graeciam
1220 1980 1390 2058 insulasque
1422 1981 1493 2040 eins

264 2069 441 2142 petebat...
458 2070 604 2143 occupatis
626 2070 726 2128 statim
748 2071 849 2128 insulis
901 2073 1060 2150 occuparit.
1108 2075 1229 2133 Euboea
1259 2074 1377 2133 luxuria
1407 2076 1493 2134 elan·

268 2160 464 2238 Graeciaeque
477 2162 612 2222 litoribus
631 2166 693 2222 otia
709 2170 738 2222 et
761 2165 848 2223 luxus
900 2166 970 2242 guit.
1035 2168 1159 2226 adventu
1196 2167 1295 2229 Auillii
1316 2169 1491 2229 Glabrionis

265 2257 351 2330 quasi
364 2257 456 2314 victor
471 2258 603 2333 agitabat
616 2303 621 2316 .
635 2301 641 2314 .
655 2303 661 2316 .
677 2304 682 2317 .
697 2257 848 2334 [Glabrio]
901 2262 1012 2319 excitus
1035 2306 1041 2318 .
1064 2309 1070 2322 .
1093 2308 1100 2322 .
1123 2307 1129 2320 .
1339 2253 1343 2266 ¹

264 2349 331 2425 ipso
363 2351 462 2408 statim
495 2353 636 2410 adventus
667 2355 713 2411 sui
745 2356 848 2412 nuntio

265 2445 358 2521 coegit
378 2446 415 2504 ab
435 2445 535 2504 insula
553 2447 695 2524 refugere.

383 2591 732 2679 umaapmr
1020 2595 1372 2655 amammau

264 2703 372 2762 fuerint
390 2705 467 2762 inter
486 2704 597 2762 auxilia
616 2705 694 2782 regis
714 2707 847 2765 Antiochi
940 2704 993 2763 Cn.
1015 2703 1139 2764 Manlius
1164 2705 1256 2764 Vulso
1349 2708 1487 2785 cupidine
1590 2705 1591 2730 ³

264 2819 301 2856 an
327 2798 418 2856 fuisse
449 2800 570 2876 cupidus
600 2801 742 2876 triumphi
767 2801 848 2858 Man·
899 2798 1040 2876 triumphi
1066 2798 1173 2858 bellum
1193 2799 1303 2858 Pisidis
1330 2812 1359 2858 et
1380 2801 1487 2891 Gallo·

263 2892 320 2950 lius
340 2892 435 2951 Vulso
456 2893 646 2967 simulaverit,
667 2894 795 2953 dubium.
899 2892 1025 2969 graecis,
1062 2893 1110 2968 qui
1142 2893 1292 2952 Antiocho
1327 2895 1483 2966 affuerant,

899 2987 1005 3047 intulit.

366 3133 743 3210 amineam
983 3107 1406 3194 amnmmamm

263 3278 298 3288 -
334 3245 496 3304 Artabazes
536 3265 555 3302 a
594 3253 706 3323 septem
747 3246 848 3305 Persis
938 3245 1125 3304 Mithridates
1145 3263 1198 3304 rex
1219 3245 1307 3304 Ponti
1333 3254 1485 3322 aseptem

263 3338 401 3398 oriundus
422 3340 489 3398 inde
509 3339 702 3400 Mithridates.
899 3339 997 3398 Persis
1019 3341 1168 3400 oriundus.

365 3501 742 3582 rmnapmm.
971 3485 1414 3579 mmmnmmmc

262 3649 300 3658 -
320 3635 384 3673 eum
406 3616 445 3674 ad
464 3617 659 3692 perpetranda
679 3623 782 3694 coepta
802 3617 848 3675 die
900 3615 1005 3674 deinde
1025 3632 1089 3673 eum
1111 3635 1270 3693 prorogare
1285 3617 1340 3675 sibi
1356 3624 1487 3692 potesta·

262 3711 444 3769 comitiorum
479 3712 632 3787 prorogari
669 3711 726 3777 sibi
761 3711 849 3769 vellet
899 3717 958 3768 tem
991 3710 1080 3768 vellet
1116 3711 1259 3789 adversis¹
1283 3711 1424 3787 auspiciis
1454 3712 1486 3768 in

262 3803 416 3881 imperium
432 3849 439 3863 .
456 3850 485 3865 ..
512 3805 580 3865 inde
610 3825 674 3863 oum
700 3806 731 3863 in
759 3805 848 3882 Capi·
900 3805 1049 3881 publicum
1068 3800 1485 3881 processitstatimqnoCapi-

332 4056 356 4117 1)
376 4051 442 4105 Gum
470 4053 543 4105 solus
571 4057 661 4106 auctor
688 4058 777 4106 noster
804 4052 868 4105 haec
895 4052 946 4111 duo
975 4051 1064 4104 afferat
1092 4052 1203 4105 erimina
1225 4053 1265 4118 [v.
1291 4054 1485 4106 llommssnum

261 4137 352 4191 Herm.
365 4138 386 4205 l,
405 4155 429 4206 p.
445 4143 523 4192 183:
536 4138 585 4202 Qu.
601 4140 676 4194 Rom.
691 4139 723 4204 ll,
742 4156 769 4208 p.
783 4143 834 4192 454
848 4155 873 4194 n.
892 4138 937 4204 st]
956 4153 1068 4207 cumque
1081 4138 1112 4190 ad
1127 4138 1234 4190 verbum
1254 4154 1314 4190 cum
1328 4139 1404 4190 Floro
1422 4153 1484 4191 oon-

261 4223 345 4290 uiuat,
368 4223 432 4276 mihi
450 4225 556 4293 quidem
577 4224 685 4278 dubium
705 4229 830 4289 nonest,
853 4227 916 4293 quin
936 4225 1102 4293 praecipuus
1121 4240 1200 4292 quem
1218 4225 1353 4292 sequitur.
1374 4225 1485 4292 scriptor

261 4311 376 4376 primum
395 4309 460 4361 illud
479 4310 510 4364 de
528 4312 594 4363 albis
614 4312 687 4380 equis
700 4312 799 4364 criruen
820 4311 878 4376 [cfr.
896 4309 970 4362 Diod.
989 4309 1063 4373 XIV,
1089 4314 1137 4362 117
1156 4326 1181 4378 p.
1196 4315 1244 4362 142
1263 4309 1302 4362 ed.
1322 4309 1413 4374 Dind]
1432 4315 1484 4360 tm-

259 4394 363 4459 diderit,
381 4397 495 4450 alterum
514 4403 603 4450 autem
627 4398 657 4450 de
677 4397 771 4466 praeda
789 4398 877 4465 inique
896 4397 981 4449 divisa
1000 4413 1014 4448 e
1034 4395 1109 4448 Floro
1128 4395 1246 4447 addilum
1267 4396 1310 4450 sit.
1402 4439 1405 4446 .

330 4485 355 4547 2)
374 4497 398 4534 r.
418 4481 579 4535 Koehlerum
600 4483 658 4548 Qua
677 4484 778 4534 ratione
797 4487 848 4536 cst.
868 4499 893 4550 p.
907 4487 948 4533 27.
