3258 5186
730 423 932 518 *72*-

220 625 338 702 quidam
349 623 581 682 Lucumonem
595 624 752 682 vocitatum
764 623 806 680 fe·
858 668 865 683 .
881 666 887 680 .
904 667 910 681 .
925 624 967 682 de
988 622 1135 682 Sabinis
1157 629 1186 680 et
1204 621 1313 696 priscis
1326 620 1445 679 Latinis

220 716 568 794 runt..chabinisegit
582 718 805 794 triumphum.
857 717 1096 794 triumphavit
1115 761 1121 774 .
1137 762 1164 776 ..
1190 715 1283 774 filium
1304 715 1444 773 tredecim

219 831 277 890 quo
298 811 376 870 bello
395 811 487 870 filium
509 829 593 869 suum
613 830 705 870 annos
719 817 805 887 quat·
856 830 1005 886 antrorum,
1027 811 1121 888 quod
1135 810 1166 868 in
1180 809 1292 884 proelio
1306 809 1445 868 hostem

219 906 380 965 tuordecim
409 911 519 978 natum,
549 907 640 980 qnod
668 905 805 964 hostem
856 906 1112 980 percussisset,
1143 909 1337 981 praetexta
1367 905 1445 963 bul-

219 1021 306 1059 manu
340 1005 587 1077 percusserat,
703 999 805 1057 bulla
857 999 964 1075 laque
983 999 1144 1072 donarit,
1165 997 1253 1056 unde
1273 999 1445 1074 haecpue-

220 1114 326 1152 aurea
355 1100 619 1171 praetextaque
653 1094 806 1153 donavit
857 1092 1446 1170 rorumingenuoruminsigniaesse

226 1233 248 1248 ..
267 1189 348 1248 hinc
380 1191 520 1248 deductus
553 1207 627 1262 mos,
658 1197 690 1246 ut
720 1207 805 1265 prae·
856 1199 1022 1263 coeperunt.
1152 1185 1155 1194 “

113 1331 115 1334 .
217 1290 299 1342 texta
319 1293 347 1341 et
366 1283 449 1342 bulla
467 1284 497 1342 in
508 1302 594 1342 usum
615 1301 804 1360 puerorum

219 1378 391 1436 nobilium
413 1387 613 1454 usurparetur.

305 1524 409 1606 Quam
420 1545 486 1587 rem
499 1545 570 1587 cum
581 1523 770 1589 Plutarchus
781 1524 815 1588 in
831 1521 1077 1604 Quaestionibus
1093 1523 1246 1588 Romanis
1261 1521 1323 1609 [01
1333 1547 1365 1611 p.
1379 1524 1444 1588 355

220 1625 373 1707 Duebn.],
402 1623 538 1710 quaein
561 1623 759 1690 Varroniano.
780 1625 917 1689 maxime
940 1623 1084 1690 doctrina
1110 1634 1285 1708 versantur,
1319 1625 1444 1690 Plinius

222 1725 401 1810 [XXXIIL
426 1728 452 1805 1,
479 1727 531 1809 10]
555 1727 640 1812 apud
662 1750 752 1814 quern
775 1728 810 1791 in
831 1725 942 1792 eodem
965 1727 1066 1812 capite
1088 1737 1172 1791 certa
1194 1727 1301 1811 (§14)
1323 1725 1446 1792 Varro·

221 1828 270 1892 nis
293 1825 428 1910 vestigia
450 1831 648 1914 apparentl),
673 1829 808 1915 denique
831 1828 960 1894 Servius
985 1827 1039 1911 [ad
1053 1828 1135 1892 Aen.
1152 1827 1214 1910 IX,
1238 1829 1299 1894 590
1313 1853 1345 1915 p.
1363 1829 1441 1914 534]

219 1926 337 1992 eisdem
371 1929 435 1992 lere
469 1930 573 1995 verbis
605 1930 742 2012 tradant,
776 1929 922 2017 equidem
949 1953 1013 1994 non
1046 1929 1156 1995 dubito
1189 1930 1230 1995 ad
1262 1929 1445 1995 Varronem

219 2053 289 2094 eam
310 2029 436 2094 referre.
481 2030 531 2094 cui
554 2033 750 2098 coniecturae
774 2032 902 2096 minime
929 2032 1136 2097 adversantur
1162 2031 1312 2098 Varronis
1342 2034 1446 2098 verba

219 2130 429 2196 aPlutaroho
451 2132 471 2195 l.
495 2132 516 2196 l.
546 2133 650 2214 citata,
684 2135 798 2221 quibus
826 2133 894 2199 sola
920 2133 1006 2199 vocis
1036 2134 1213 2219 originatio,
1250 2157 1313 2198 non
1344 2136 1445 2200 moris

221 2255 317 2298 00000
340 2233 532 2326 significetur
557 2234 599 2318 [v.
623 2235 788 2304 Thilonem
810 2235 830 2300 l.
857 2235 878 2299 l.
900 2258 930 2322 p.
951 2236 1013 2318 13].

305 2335 385 2399 Tum
408 2357 425 2399 0
447 2333 590 2401 Varrone
613 2338 733 2403 coniolo
760 2336 899 2418 fluxisse,
933 2359 1013 2422 quae
1045 2334 1083 2399 de
1111 2337 1301 2402 militaribus
1328 2337 1445 2403 Manlii

221 2433 393 2522 Capitolini
419 2436 509 2500 donis
538 2445 648 2502 auctor
675 2437 714 2502 de
742 2439 799 2504 vir.
828 2438 871 2502 ill.
907 2437 948 2522 [o.
970 2436 1096 2516 XXIV,
1127 2438 1159 2519 2]
1196 2449 1331 2522 enarrat,
1368 2441 1446 2526 qnia

220 2559 292 2601 cum
318 2536 420 2601 Plinio
449 2537 527 2603 adeo
556 2540 702 2622 concinit,
736 2548 771 2604 ut
798 2538 938 2605 eiusdem
967 2539 1103 2604 auctoris
1133 2541 1267 2626 vestigia
1299 2564 1446 2626 premere

218 2638 376 2724 putandus
399 2639 449 2704 sit.
495 2641 685 2728 scripserunt
707 2643 789 2708 enim
812 2641 904 2707 haec:

306 2808 381 2867 Plin.
403 2811 430 2866 5.
452 2830 481 2870 0.
502 2809 570 2882 VlI,
593 2812 638 2886 28,
663 2813 716 2869 103
928 2816 1003 2868 auct.
1025 2811 1060 2868 de
1080 2811 1132 2868 vir.
1154 2811 1197 2872 ill.
1218 2811 1325 2887 XXIV,
1348 2813 1365 2871 2

258 2919 345 2978 Hand
377 2921 489 2978 minora
521 2921 618 2982 forent
648 2921 805 2999 Capitolini
897 2921 1048 2998 [Manlius]
1081 2923 1234 2980 sedecim
1268 2942 1445 2981 annorum

219 3015 392 3076 decora...
412 3025 496 3073 ante
522 3016 638 3074 decem
670 3027 702 3075 et
732 3035 805 3092 sep·
857 3016 1056 3074 voluntarium
1096 3017 1217 3074 militem
1251 3036 1282 3076 se
1326 3019 1443 3078 obtulit.

220 3118 287 3166 tem
312 3128 427 3168 annos
459 3109 527 3167 bina
557 3117 674 3185 ceperat
702 3109 805 3186 spolia,
856 3109 1012 3186 triginta
1032 3115 1168 3185 septem
1186 3111 1289 3168 donis
1307 3112 1445 3170 militari·

219 3202 376 3280 triginta
396 3210 531 3280 septem
546 3205 652 3276 dona,
674 3203 804 3280 viginti
857 3204 910 3261 bus
925 3222 942 3260 a
956 3203 1291 3278 suisducibusornatus,
1312 3205 1445 3281 viginti

219 3306 291 3354 tres
332 3298 705 3356 cicatricesadverso
731 3317 804 3355 cor·
856 3305 932 3354 tres
976 3297 1172 3357 cicatrices
1214 3298 1250 3356 in
1292 3307 1445 3375 pectore

217 3409 306 3466 pore
326 3398 451 3470 ceperat.
856 3391 965 3449 habuit.

306 3552 398 3619 Haec
421 3563 525 3618 autem
546 3552 642 3618 Plinii
664 3554 761 3618 verba
788 3553 1021 3639 subsequuntur
1046 3552 1133 3618 illam
1166 3552 1204 3618 de
1227 3552 1330 3620 Sicoio
1353 3553 1444 3620 Den-

222 3664 287 3720 tato
309 3655 588 3735 narratiunculam,
613 3677 709 3740 quam
731 3677 748 3719 e
769 3653 950 3738 Varronel)
974 3651 1191 3741 depromptam
1213 3678 1296 3738 esse,
1321 3656 1348 3722 si
1370 3679 1444 3722 cum

221 3755 350 3821 Valerio
378 3757 522 3822 Maximo
552 3756 627 3840 [HL
656 3758 685 3839 2,
715 3758 756 3822 24
777 3779 808 3842 p.
826 3757 900 3840 261]
935 3765 966 3822 et
995 3756 1161 3842 Fulgentio
1196 3759 1317 3844 [expos.
1348 3781 1441 3826 serm.

292 3982 317 4040 1)
346 3993 371 4030 r.
402 3979 594 4031 Mommsenum
622 3979 712 4032 Herm.
731 3978 805 4044 Xlll‚
836 3995 860 4046 p.
883 3983 932 4032 535
961 3996 987 4031 0.
1017 3985 1029 4030 l
1055 3983 1082 4031 et
1105 3977 1275 4042 3=Quaest
1305 3980 1380 4036 Rom.
1409 3982 1443 4048 ll,

223 4080 249 4127 p.
268 4066 318 4116 330
338 4079 363 4114 n.
384 4068 425 4117 75.

291 4151 316 4213 t)
334 4165 359 4204 r.
385 4149 558 4203 Metellinum
585 4149 622 4202 De
646 4151 763 4203 Varrone
787 4165 941 4202 coronarum
964 4149 1074 4204 Roman.
1099 4155 1147 4202 cet.
1171 4165 1196 4217 p.
1217 4155 1257 4215 11,
1283 4150 1442 4206 Kettncrum

219 4235 252 4290 ll.
277 4235 395 4288 Terentii
425 4235 549 4289 Varronis
578 4236 609 4289 de
638 4236 692 4288 vita
719 4234 811 4304 populi
840 4233 975 4287 Romani.
995 4275 1027 4290 ..
1047 4251 1113 4304 quac
1141 4239 1254 4296 exstant,
1278 4236 1351 4290 Halis
1376 4243 1442 4292 1863

221 4337 246 4388 p.
268 4324 311 4384 13,
339 4319 511 4374 Zscheohium
540 4321 577 4374 De
605 4321 729 4374 Cicerone
759 4325 786 4372 et
814 4319 888 4371 Livio
916 4320 1015 4374 Valerii
1034 4320 1139 4372 Maximi
1172 4321 1300 4388 fontibus,
1327 4323 1441 4377 Berolini

224 4409 289 4460 000
308 4423 333 4475 p.
346 4412 389 4459 0.
