<?xml version="1.0" encoding="UTF-8"?>
<!DOCTYPE html PUBLIC "-//W3C//DTD XHTML 1.0 Transitional//EN"
    "http://www.w3.org/TR/xhtml1/DTD/xhtml1-transitional.dtd">
<html xmlns="http://www.w3.org/1999/xhtml" xml:lang="en" lang="en">
 <head>
  <title>
</title>
<meta http-equiv="Content-Type" content="text/html;charset=utf-8" />
  <meta name='ocr-system' content='tesseract 3.04.00' />
  <meta name='ocr-capabilities' content='ocr_page ocr_carea ocr_par ocr_line ocrx_word'/>
</head>
<body>
  <div class='ocr_page' id='page_1' title='image "./delibroquiinscr00hildgoog_0036.png"; bbox 0 0 3218 5174; ppageno 0'>
   <div class='ocr_carea' id='block_1_1' title="bbox 724 479 762 543">
    <p class='ocr_par' dir='ltr' id='par_1_1' title="bbox 724 479 762 543">
     <span class='ocr_line' id='line_1_1' title="bbox 724 479 762 543; baseline 0 0"><span class='ocrx_word' id='word_1_1' title='bbox 724 479 762 543; x_wconf 88' lang='lat'>31</span> 
     </span>
    </p>
   </div>
   <div class='ocr_carea' id='block_1_2' title="bbox 640 568 844 576">
    <p class='ocr_par' dir='ltr' id='par_1_2' title="bbox 640 568 844 576">
     <span class='ocr_line' id='line_1_2' title="bbox 640 568 844 576; baseline 0.005 -1"><span class='ocrx_word' id='word_1_2' title='bbox 640 568 844 576; x_wconf 76' lang='lat'>——-</span> 
     </span>
    </p>
   </div>
   <div class='ocr_carea' id='block_1_3' title="bbox 245 678 1273 757">
    <p class='ocr_par' dir='ltr' id='par_1_3' title="bbox 245 678 1273 757">
     <span class='ocr_line' id='line_1_3' title="bbox 245 678 1273 757; baseline 0.004 -21"><span class='ocrx_word' id='word_1_3' title='bbox 245 678 324 738; x_wconf 80' lang='lat' dir='ltr'>Flor.</span> <span class='ocrx_word' id='word_1_4' title='bbox 345 680 385 754; x_wconf 92' lang='lat' dir='ltr'>Il,</span> <span class='ocrx_word' id='word_1_5' title='bbox 406 681 423 736; x_wconf 77' lang='lat'><strong>2</strong></span> <span class='ocrx_word' id='word_1_6' title='bbox 445 701 472 757; x_wconf 90' lang='lat' dir='ltr'>p.</span> <span class='ocrx_word' id='word_1_7' title='bbox 494 683 541 757; x_wconf 75' lang='lat'>80,</span> <span class='ocrx_word' id='word_1_8' title='bbox 565 683 600 740; x_wconf 86' lang='lat'>10</span> <span class='ocrx_word' id='word_1_9' title='bbox 652 687 654 692; x_wconf 87' lang='lat'>&#39;</span> <span class='ocrx_word' id='word_1_10' title='bbox 837 687 913 742; x_wconf 89' lang='lat' dir='ltr'>auct.</span> <span class='ocrx_word' id='word_1_11' title='bbox 934 682 971 740; x_wconf 83' lang='lat' dir='ltr'>de</span> <span class='ocrx_word' id='word_1_12' title='bbox 992 681 1043 738; x_wconf 92' lang='lat' dir='ltr'>vir.</span> <span class='ocrx_word' id='word_1_13' title='bbox 1065 679 1105 738; x_wconf 92' lang='lat' dir='ltr'>ill.</span> <span class='ocrx_word' id='word_1_14' title='bbox 1126 681 1233 756; x_wconf 88' lang='lat' dir='ltr'>LXIV,</span> <span class='ocrx_word' id='word_1_15' title='bbox 1255 681 1273 740; x_wconf 86' lang='grc'><strong>6</strong></span> 
     </span>
    </p>
   </div>
   <div class='ocr_carea' id='block_1_4' title="bbox 129 823 1352 1282">
    <p class='ocr_par' dir='ltr' id='par_1_4' title="bbox 129 823 1352 1282">
     <span class='ocr_line' id='line_1_4' title="bbox 131 823 1350 907; baseline 0.002 -25"><span class='ocrx_word' id='word_1_16' title='bbox 131 823 206 882; x_wconf 82' lang='lat' dir='ltr'>Cum</span> <span class='ocrx_word' id='word_1_17' title='bbox 237 824 273 882; x_wconf 91' lang='lat' dir='ltr'>ad</span> <span class='ocrx_word' id='word_1_18' title='bbox 303 827 499 904; x_wconf 87' lang='lat' dir='ltr'>perpetranda</span> <span class='ocrx_word' id='word_1_19' title='bbox 532 835 637 907; x_wconf 87' lang='lat' dir='ltr'>coepta</span> <span class='ocrx_word' id='word_1_20' title='bbox 667 830 713 886; x_wconf 91' lang='lat' dir='ltr'>die</span> <span class='ocrx_word' id='word_1_21' title='bbox 764 829 951 888; x_wconf 84' lang='lat' dir='ltr'>deindecum</span> <span class='ocrx_word' id='word_1_22' title='bbox 973 846 1167 904; x_wconf 75' lang='lat' dir='ltr'>prorogare</span> <span class='ocrx_word' id='word_1_23' title='bbox 1188 827 1258 886; x_wconf 88' lang='lat' dir='ltr'>sibi</span> <span class='ocrx_word' id='word_1_24' title='bbox 1278 827 1350 885; x_wconf 83' lang='lat' dir='ltr'>rel-</span> 
     </span>
     <span class='ocr_line' id='line_1_5' title="bbox 130 911 1348 1002; baseline 0.005 -28"><span class='ocrx_word' id='word_1_25' title='bbox 130 919 312 976; x_wconf 89' lang='lat' dir='ltr'>comitiorum</span> <span class='ocrx_word' id='word_1_26' title='bbox 332 923 526 998; x_wconf 82' lang='lat' dir='ltr'>prorogari</span> <span class='ocrx_word' id='word_1_27' title='bbox 552 924 621 982; x_wconf 85' lang='lat' dir='ltr'>sibi</span> <span class='ocrx_word' id='word_1_28' title='bbox 643 924 713 982; x_wconf 90' lang='lat' dir='ltr'>vel·</span> <span class='ocrx_word' id='word_1_29' title='bbox 763 925 811 983; x_wconf 89' lang='lat' dir='ltr'>let</span> <span class='ocrx_word' id='word_1_30' title='bbox 831 932 1046 1002; x_wconf 88' lang='lat' dir='ltr'>potestatem</span> <span class='ocrx_word' id='word_1_31' title='bbox 1066 911 1196 980; x_wconf 81' lang='lat' dir='ltr'>adversis</span> <span class='ocrx_word' id='word_1_32' title='bbox 1210 922 1348 997; x_wconf 82' lang='lat' dir='ltr'>auspiciis</span> 
     </span>
     <span class='ocr_line' id='line_1_6' title="bbox 129 1012 1348 1097; baseline 0.003 -28"><span class='ocrx_word' id='word_1_33' title='bbox 129 1012 179 1070; x_wconf 91' lang='lat' dir='ltr'>let</span> <span class='ocrx_word' id='word_1_34' title='bbox 199 1013 385 1090; x_wconf 87' lang='lat' dir='ltr'>imperium</span> <span class='ocrx_word' id='word_1_35' title='bbox 407 1016 493 1074; x_wconf 85' lang='lat' dir='ltr'>obvia</span> <span class='ocrx_word' id='word_1_36' title='bbox 513 1016 649 1074; x_wconf 81' lang='lat' dir='ltr'>nobilitas</span> <span class='ocrx_word' id='word_1_37' title='bbox 763 1019 792 1075; x_wconf 95' lang='lat' dir='ltr'>in</span> <span class='ocrx_word' id='word_1_38' title='bbox 818 1019 965 1097; x_wconf 89' lang='lat' dir='ltr'>publicum</span> <span class='ocrx_word' id='word_1_39' title='bbox 996 1015 1147 1076; x_wconf 83' lang='lat' dir='ltr'>concessit.</span> <span class='ocrx_word' id='word_1_40' title='bbox 1188 1015 1348 1092; x_wconf 77' lang='lat' dir='ltr'>statimque</span> 
     </span>
     <span class='ocr_line' id='line_1_7' title="bbox 129 1107 1350 1189; baseline 0.003 -26"><span class='ocrx_word' id='word_1_41' title='bbox 129 1107 232 1165; x_wconf 85' lang='lat' dir='ltr'>caedes</span> <span class='ocrx_word' id='word_1_42' title='bbox 253 1128 271 1166; x_wconf 87' lang='lat' dir='ltr'>a</span> <span class='ocrx_word' id='word_1_43' title='bbox 290 1109 355 1167; x_wconf 84' lang='lat' dir='ltr'>loro</span> <span class='ocrx_word' id='word_1_44' title='bbox 375 1112 477 1185; x_wconf 90' lang='lat' dir='ltr'>coepit.</span> <span class='ocrx_word' id='word_1_45' title='bbox 509 1111 575 1168; x_wconf 91' lang='lat' dir='ltr'>inde</span> <span class='ocrx_word' id='word_1_46' title='bbox 598 1131 663 1168; x_wconf 90' lang='lat' dir='ltr'>cum</span> <span class='ocrx_word' id='word_1_47' title='bbox 684 1112 714 1170; x_wconf 92' lang='lat' dir='ltr'>in</span> <span class='ocrx_word' id='word_1_48' title='bbox 766 1112 944 1187; x_wconf 82' lang='lat' dir='ltr'>Capitolium</span> <span class='ocrx_word' id='word_1_49' title='bbox 964 1112 1050 1189; x_wconf 91' lang='lat' dir='ltr'>petiit</span> <span class='ocrx_word' id='word_1_50' title='bbox 1074 1130 1211 1176; x_wconf 85' lang='lat' dir='ltr'>manum</span> <span class='ocrx_word' id='word_1_51' title='bbox 1232 1111 1272 1168; x_wconf 87' lang='lat' dir='ltr'>ad</span> <span class='ocrx_word' id='word_1_52' title='bbox 1294 1129 1350 1168; x_wconf 91' lang='lat' dir='ltr'>ca·</span> 
     </span>
     <span class='ocr_line' id='line_1_8' title="bbox 130 1199 1352 1282; baseline 0.003 -24"><span class='ocrx_word' id='word_1_53' title='bbox 130 1199 309 1276; x_wconf 87' lang='lat' dir='ltr'>Capitolium</span> <span class='ocrx_word' id='word_1_54' title='bbox 336 1199 511 1282; x_wconf 76' lang='lat' dir='ltr'>profugisset</span> <span class='ocrx_word' id='word_1_55' title='bbox 544 1207 715 1282; x_wconf 85' lang='lat' dir='ltr'>plebemque</span> <span class='ocrx_word' id='word_1_56' title='bbox 765 1218 827 1281; x_wconf 88' lang='lat' dir='ltr'>put</span> <span class='ocrx_word' id='word_1_57' title='bbox 878 1208 1035 1266; x_wconf 83' lang='lat' dir='ltr'>referens</span> <span class='ocrx_word' id='word_1_58' title='bbox 1083 1224 1140 1282; x_wconf 90' lang='lat' dir='ltr'>quo</span> <span class='ocrx_word' id='word_1_59' title='bbox 1198 1204 1352 1262; x_wconf 89' lang='lat' dir='ltr'>salutem</span> 
     </span>
    </p>
   </div>
   <div class='ocr_carea' id='block_1_5' title="bbox 129 1295 1477 1378">
    <p class='ocr_par' dir='ltr' id='par_1_5' title="bbox 129 1295 1477 1378">
     <span class='ocr_line' id='line_1_9' title="bbox 129 1295 1477 1378; baseline 0.001 -26"><span class='ocrx_word' id='word_1_60' title='bbox 129 1295 167 1352; x_wconf 90' lang='lat' dir='ltr'>ad</span> <span class='ocrx_word' id='word_1_61' title='bbox 214 1297 409 1355; x_wconf 87' lang='lat' dir='ltr'>defensionem</span> <span class='ocrx_word' id='word_1_62' title='bbox 454 1300 583 1358; x_wconf 88' lang='lat' dir='ltr'>salutis</span> <span class='ocrx_word' id='word_1_63' title='bbox 628 1321 714 1360; x_wconf 89' lang='lat' dir='ltr'>suae</span> <span class='ocrx_word' id='word_1_64' title='bbox 765 1320 860 1360; x_wconf 89' lang='lat' dir='ltr'>suam</span> <span class='ocrx_word' id='word_1_65' title='bbox 886 1302 995 1378; x_wconf 92' lang='lat' dir='ltr'>populo</span> <span class='ocrx_word' id='word_1_66' title='bbox 1030 1299 1254 1359; x_wconf 88' lang='lat' dir='ltr'>commendabat.</span> <span class='ocrx_word' id='word_1_67' title='bbox 1296 1299 1351 1355; x_wconf 93' lang='lat' dir='ltr'>hoc</span> <span class='ocrx_word' id='word_1_68' title='bbox 1473 1335 1477 1346; x_wconf 43' lang='grc' dir='ltr'><strong><em>ι</em></strong></span> 
     </span>
    </p>
   </div>
   <div class='ocr_carea' id='block_1_6' title="bbox 129 1393 1352 1948">
    <p class='ocr_par' dir='ltr' id='par_1_6' title="bbox 129 1393 1352 1472">
     <span class='ocr_line' id='line_1_10' title="bbox 129 1393 1352 1472; baseline 0.002 -25"><span class='ocrx_word' id='word_1_69' title='bbox 129 1407 233 1448; x_wconf 86' lang='lat' dir='ltr'>manu</span> <span class='ocrx_word' id='word_1_70' title='bbox 255 1404 360 1468; x_wconf 85' lang='lat' dir='ltr'>caput</span> <span class='ocrx_word' id='word_1_71' title='bbox 380 1404 530 1470; x_wconf 87' lang='lat' dir='ltr'>tangens</span> <span class='ocrx_word' id='word_1_72' title='bbox 549 1397 714 1455; x_wconf 82' lang='lat' dir='ltr'>hortaretur</span> <span class='ocrx_word' id='word_1_73' title='bbox 764 1397 901 1456; x_wconf 85' lang='lat' dir='ltr'>nobilitas</span> <span class='ocrx_word' id='word_1_74' title='bbox 911 1397 952 1454; x_wconf 85' lang='lat' dir='ltr'>ita</span> <span class='ocrx_word' id='word_1_75' title='bbox 962 1395 1172 1472; x_wconf 87' lang='lat' dir='ltr'>accepit‚quasi</span> <span class='ocrx_word' id='word_1_76' title='bbox 1186 1393 1352 1450; x_wconf 86' lang='lat' dir='ltr'>diadema</span> 
     </span>
    </p>

    <p class='ocr_par' dir='ltr' id='par_1_7' title="bbox 131 1485 1352 1568">
     <span class='ocr_line' id='line_1_11' title="bbox 131 1485 1352 1568; baseline 0.004 -27"><span class='ocrx_word' id='word_1_77' title='bbox 131 1485 268 1560; x_wconf 89' lang='lat' dir='ltr'>praebuit</span> <span class='ocrx_word' id='word_1_78' title='bbox 297 1488 421 1562; x_wconf 87' lang='lat' dir='ltr'>speciem</span> <span class='ocrx_word' id='word_1_79' title='bbox 452 1509 570 1567; x_wconf 88' lang='lat' dir='ltr'>regnum</span> <span class='ocrx_word' id='word_1_80' title='bbox 601 1491 655 1548; x_wconf 84' lang='lat' dir='ltr'>sibi</span> <span class='ocrx_word' id='word_1_81' title='bbox 684 1496 713 1546; x_wconf 92' lang='lat' dir='ltr'>et</span> <span class='ocrx_word' id='word_1_82' title='bbox 763 1501 971 1568; x_wconf 90' lang='lat' dir='ltr'>posceretur</span> <span class='ocrx_word' id='word_1_83' title='bbox 1004 1490 1352 1566; x_wconf 78' lang='lat' dir='ltr'>segniterque&#39;cessante</span> 
     </span>
    </p>

    <p class='ocr_par' dir='ltr' id='par_1_8' title="bbox 131 1578 1352 1661">
     <span class='ocr_line' id='line_1_12' title="bbox 131 1578 1352 1661; baseline 0.004 -27"><span class='ocrx_word' id='word_1_84' title='bbox 131 1578 295 1636; x_wconf 88' lang='lat' dir='ltr'>diadema</span> <span class='ocrx_word' id='word_1_85' title='bbox 329 1585 512 1656; x_wconf 90' lang='lat' dir='ltr'>poscentis</span> <span class='ocrx_word' id='word_1_86' title='bbox 545 1592 635 1661; x_wconf 88' lang='lat' dir='ltr'>atque</span> <span class='ocrx_word' id='word_1_87' title='bbox 672 1584 714 1642; x_wconf 88' lang='lat' dir='ltr'>ita</span> <span class='ocrx_word' id='word_1_88' title='bbox 766 1586 863 1644; x_wconf 89' lang='lat' dir='ltr'>Mucio</span> <span class='ocrx_word' id='word_1_89' title='bbox 877 1583 1196 1661; x_wconf 86' lang='lat' dir='ltr'>consuleScipiosequi</span> <span class='ocrx_word' id='word_1_90' title='bbox 1210 1603 1242 1642; x_wconf 89' lang='lat' dir='ltr'>se</span> <span class='ocrx_word' id='word_1_91' title='bbox 1256 1582 1352 1656; x_wconf 89' lang='lat' dir='ltr'>iussis,</span> 
     </span>
    </p>

    <p class='ocr_par' dir='ltr' id='par_1_9' title="bbox 132 1671 1352 1757">
     <span class='ocr_line' id='line_1_13' title="bbox 132 1671 1352 1757; baseline 0.004 -28"><span class='ocrx_word' id='word_1_92' title='bbox 132 1672 211 1730; x_wconf 87' lang='lat' dir='ltr'>duce·</span> <span class='ocrx_word' id='word_1_93' title='bbox 237 1671 371 1750; x_wconf 87' lang='lat' dir='ltr'>Scipione</span> <span class='ocrx_word' id='word_1_94' title='bbox 403 1679 547 1738; x_wconf 89' lang='lat' dir='ltr'>concitato</span> <span class='ocrx_word' id='word_1_95' title='bbox 574 1680 604 1737; x_wconf 92' lang='lat' dir='ltr'>in</span> <span class='ocrx_word' id='word_1_96' title='bbox 633 1697 716 1738; x_wconf 86' lang='lat' dir='ltr'>arma</span> <span class='ocrx_word' id='word_1_97' title='bbox 767 1682 817 1757; x_wconf 90' lang='lat' dir='ltr'>qui</span> <span class='ocrx_word' id='word_1_98' title='bbox 851 1681 965 1738; x_wconf 81' lang='lat' dir='ltr'>salvam</span> <span class='ocrx_word' id='word_1_99' title='bbox 999 1678 1206 1756; x_wconf 84' lang='lat' dir='ltr'>rempublicam</span> <span class='ocrx_word' id='word_1_100' title='bbox 1245 1676 1352 1734; x_wconf 81' lang='lat' dir='ltr'>vellent</span> 
     </span>
    </p>

    <p class='ocr_par' dir='ltr' id='par_1_10' title="bbox 132 1767 1352 1948">
     <span class='ocr_line' id='line_1_14' title="bbox 132 1767 1352 1851; baseline 0.006 -27"><span class='ocrx_word' id='word_1_101' title='bbox 132 1767 240 1842; x_wconf 89' lang='lat' dir='ltr'>populo</span> <span class='ocrx_word' id='word_1_102' title='bbox 262 1773 343 1844; x_wconf 85' lang='lat' dir='ltr'>quasi</span> <span class='ocrx_word' id='word_1_103' title='bbox 359 1771 420 1830; x_wconf 90' lang='lat' dir='ltr'>iure</span> <span class='ocrx_word' id='word_1_104' title='bbox 441 1792 640 1850; x_wconf 90' lang='lat' dir='ltr'>oppressus</span> <span class='ocrx_word' id='word_1_105' title='bbox 661 1780 714 1832; x_wconf 89' lang='lat' dir='ltr'>cst.</span> <span class='ocrx_word' id='word_1_106' title='bbox 767 1774 932 1834; x_wconf 81' lang='lat' dir='ltr'>Gracchum</span> <span class='ocrx_word' id='word_1_107' title='bbox 950 1775 979 1832; x_wconf 92' lang='lat' dir='ltr'>in</span> <span class='ocrx_word' id='word_1_108' title='bbox 995 1773 1173 1850; x_wconf 85' lang='lat' dir='ltr'>Capitolium</span> <span class='ocrx_word' id='word_1_109' title='bbox 1187 1783 1352 1851; x_wconf 89' lang='lat' dir='ltr'>persecutus</span> 
     </span>
     <span class='ocr_line' id='line_1_15' title="bbox 767 1869 964 1948; baseline -0.02 -19"><span class='ocrx_word' id='word_1_110' title='bbox 767 1869 964 1948; x_wconf 86' lang='lat' dir='ltr'>oppressit.</span> 
     </span>
    </p>
   </div>
   <div class='ocr_carea' id='block_1_7' title="bbox 132 2011 1354 2409">
    <p class='ocr_par' dir='ltr' id='par_1_11' title="bbox 132 2011 1354 2409">
     <span class='ocr_line' id='line_1_16' title="bbox 218 2011 1353 2102; baseline 0.004 -26"><span class='ocrx_word' id='word_1_111' title='bbox 218 2011 304 2077; x_wconf 91' lang='lat' dir='ltr'>Ecce</span> <span class='ocrx_word' id='word_1_112' title='bbox 338 2011 479 2078; x_wconf 87' lang='lat' dir='ltr'>adversis</span> <span class='ocrx_word' id='word_1_113' title='bbox 516 2015 665 2102; x_wconf 89' lang='lat' dir='ltr'>auspiciis</span> <span class='ocrx_word' id='word_1_114' title='bbox 688 2015 866 2082; x_wconf 83' lang='lat' dir='ltr'>Gracchum</span> <span class='ocrx_word' id='word_1_115' title='bbox 898 2017 931 2080; x_wconf 93' lang='lat' dir='ltr'>in</span> <span class='ocrx_word' id='word_1_116' title='bbox 964 2016 1126 2102; x_wconf 87' lang='lat' dir='ltr'>publicum</span> <span class='ocrx_word' id='word_1_117' title='bbox 1162 2015 1353 2080; x_wconf 86' lang='lat' dir='ltr'>concessisse</span> 
     </span>
     <span class='ocr_line' id='line_1_17' title="bbox 132 2111 1350 2204; baseline 0.003 -28"><span class='ocrx_word' id='word_1_118' title='bbox 132 2111 251 2176; x_wconf 88' lang='lat' dir='ltr'>frustra</span> <span class='ocrx_word' id='word_1_119' title='bbox 273 2114 357 2201; x_wconf 91' lang='lat' dir='ltr'>apud</span> <span class='ocrx_word' id='word_1_120' title='bbox 383 2115 411 2179; x_wconf 88' lang='lat' dir='ltr'>F</span> <span class='ocrx_word' id='word_1_121' title='bbox 412 2115 510 2180; x_wconf 82' lang='lat' dir='ltr'>lorum</span> <span class='ocrx_word' id='word_1_122' title='bbox 542 2140 689 2204; x_wconf 69' lang='lat' dir='ltr'>quaeram,</span> <span class='ocrx_word' id='word_1_123' title='bbox 723 2117 865 2182; x_wconf 87' lang='lat' dir='ltr'>invenias</span> <span class='ocrx_word' id='word_1_124' title='bbox 893 2117 974 2204; x_wconf 89' lang='lat' dir='ltr'>apud</span> <span class='ocrx_word' id='word_1_125' title='bbox 1001 2116 1209 2182; x_wconf 89' lang='lat' dir='ltr'>Plutarchum</span> <span class='ocrx_word' id='word_1_126' title='bbox 1237 2115 1279 2202; x_wconf 86' lang='lat' dir='ltr'>[v.</span> <span class='ocrx_word' id='word_1_127' title='bbox 1304 2115 1350 2180; x_wconf 90' lang='lat' dir='ltr'>Ti.</span> 
     </span>
     <span class='ocr_line' id='line_1_18' title="bbox 136 2213 1353 2304; baseline 0.003 -24"><span class='ocrx_word' id='word_1_128' title='bbox 136 2213 276 2280; x_wconf 86' lang='lat' dir='ltr'>Gracchi.</span> <span class='ocrx_word' id='word_1_129' title='bbox 298 2215 400 2280; x_wconf 86' lang='lat' dir='ltr'>XVII</span> <span class='ocrx_word' id='word_1_130' title='bbox 427 2241 457 2304; x_wconf 90' lang='lat' dir='ltr'>p.</span> <span class='ocrx_word' id='word_1_131' title='bbox 482 2220 556 2304; x_wconf 77' lang='lat'>912]</span> <span class='ocrx_word' id='word_1_132' title='bbox 592 2230 623 2285; x_wconf 92' lang='lat' dir='ltr'>et</span> <span class='ocrx_word' id='word_1_133' title='bbox 649 2219 813 2284; x_wconf 82' lang='lat' dir='ltr'>Valerium</span> <span class='ocrx_word' id='word_1_134' title='bbox 841 2219 1016 2284; x_wconf 88' lang='lat' dir='ltr'>Maximum</span> <span class='ocrx_word' id='word_1_135' title='bbox 1050 2219 1089 2304; x_wconf 77' lang='lat' dir='ltr'>ll,</span> <span class='ocrx_word' id='word_1_136' title='bbox 1112 2220 1142 2300; x_wconf 87' lang='lat'>4,</span> <span class='ocrx_word' id='word_1_137' title='bbox 1170 2218 1353 2304; x_wconf 78' lang='lat' dir='ltr'>2p.128],</span> 
     </span>
     <span class='ocr_line' id='line_1_19' title="bbox 135 2315 1354 2409; baseline 0.003 -29"><span class='ocrx_word' id='word_1_138' title='bbox 135 2315 253 2381; x_wconf 90' lang='lat' dir='ltr'>deinde</span> <span class='ocrx_word' id='word_1_139' title='bbox 275 2317 353 2382; x_wconf 90' lang='lat' dir='ltr'>illud</span> <span class='ocrx_word' id='word_1_140' title='bbox 375 2317 414 2385; x_wconf 89' lang='lat' dir='ltr'>de</span> <span class='ocrx_word' id='word_1_141' title='bbox 437 2317 600 2402; x_wconf 88' lang='lat' dir='ltr'>,cessante</span> <span class='ocrx_word' id='word_1_142' title='bbox 622 2321 760 2401; x_wconf 84' lang='lat' dir='ltr'>Mucio“‚</span> <span class='ocrx_word' id='word_1_143' title='bbox 783 2320 867 2409; x_wconf 91' lang='lat' dir='ltr'>quod</span> <span class='ocrx_word' id='word_1_144' title='bbox 890 2320 972 2408; x_wconf 89' lang='lat' dir='ltr'>apud</span> <span class='ocrx_word' id='word_1_145' title='bbox 996 2321 1123 2386; x_wconf 87' lang='lat' dir='ltr'>Florum</span> <span class='ocrx_word' id='word_1_146' title='bbox 1146 2343 1210 2386; x_wconf 92' lang='lat' dir='ltr'>non</span> <span class='ocrx_word' id='word_1_147' title='bbox 1230 2319 1354 2404; x_wconf 87' lang='lat' dir='ltr'>legitur,</span> 
     </span>
    </p>
   </div>
   <div class='ocr_carea' id='block_1_8' title="bbox 134 2419 1355 2608">
    <p class='ocr_par' dir='ltr' id='par_1_12' title="bbox 134 2419 1355 2608">
     <span class='ocr_line' id='line_1_20' title="bbox 134 2419 1354 2527; baseline 0.003 -46"><span class='ocrx_word' id='word_1_148' title='bbox 134 2429 263 2504; x_wconf 89' lang='lat' dir='ltr'>praeter</span> <span class='ocrx_word' id='word_1_149' title='bbox 277 2419 429 2484; x_wconf 88' lang='lat' dir='ltr'>Nostrum</span> <span class='ocrx_word' id='word_1_150' title='bbox 452 2421 564 2527; x_wconf 61' lang='lat' dir='ltr'>Cicero</span> <span class='ocrx_word' id='word_1_151' title='bbox 589 2423 695 2507; x_wconf 85' lang='lat' dir='ltr'>[Tusc.</span> <span class='ocrx_word' id='word_1_152' title='bbox 711 2422 769 2503; x_wconf 78' lang='lat' dir='ltr'>IV,</span> <span class='ocrx_word' id='word_1_153' title='bbox 794 2424 844 2504; x_wconf 73' lang='grc'>23,</span> <span class='ocrx_word' id='word_1_154' title='bbox 870 2423 934 2504; x_wconf 70' lang='lat' dir='ltr'>tlt,</span> <span class='ocrx_word' id='word_1_155' title='bbox 957 2421 1145 2486; x_wconf 86' lang='lat' dir='ltr'>Plutarchus</span> <span class='ocrx_word' id='word_1_156' title='bbox 1170 2421 1202 2508; x_wconf 87' lang='lat' dir='ltr'>[l.</span> <span class='ocrx_word' id='word_1_157' title='bbox 1219 2423 1239 2486; x_wconf 93' lang='lat' dir='ltr'>l.</span> <span class='ocrx_word' id='word_1_158' title='bbox 1257 2419 1354 2504; x_wconf 89' lang='lat' dir='ltr'>XIX]</span> 
     </span>
     <span class='ocr_line' id='line_1_21' title="bbox 134 2519 1355 2608; baseline 0.002 -26"><span class='ocrx_word' id='word_1_159' title='bbox 134 2519 188 2582; x_wconf 91' lang='lat' dir='ltr'>alii</span> <span class='ocrx_word' id='word_1_160' title='bbox 217 2531 358 2600; x_wconf 89' lang='lat' dir='ltr'>narrant,</span> <span class='ocrx_word' id='word_1_161' title='bbox 392 2522 524 2608; x_wconf 86' lang='lat' dir='ltr'>denique</span> <span class='ocrx_word' id='word_1_162' title='bbox 549 2521 628 2589; x_wconf 88' lang='lat' dir='ltr'>illud</span> <span class='ocrx_word' id='word_1_163' title='bbox 649 2525 783 2589; x_wconf 88' lang='lat' dir='ltr'>Nasicae</span> <span class='ocrx_word' id='word_1_164' title='bbox 811 2525 933 2590; x_wconf 89' lang='lat' dir='ltr'>iussum</span> <span class='ocrx_word' id='word_1_165' title='bbox 964 2523 1076 2589; x_wconf 79' lang='lat' dir='ltr'>Cicero</span> <span class='ocrx_word' id='word_1_166' title='bbox 1098 2524 1118 2588; x_wconf 96' lang='lat' dir='ltr'>l.</span> <span class='ocrx_word' id='word_1_167' title='bbox 1142 2524 1172 2601; x_wconf 88' lang='grc'>1.,</span> <span class='ocrx_word' id='word_1_168' title='bbox 1207 2521 1355 2587; x_wconf 89' lang='lat' dir='ltr'>Valerius</span> 
     </span>
    </p>
   </div>
   <div class='ocr_carea' id='block_1_9' title="bbox 134 2621 1359 4134">
    <p class='ocr_par' dir='ltr' id='par_1_13' title="bbox 134 2621 1354 2814">
     <span class='ocr_line' id='line_1_22' title="bbox 134 2621 1354 2712; baseline 0.002 -26"><span class='ocrx_word' id='word_1_169' title='bbox 134 2621 297 2689; x_wconf 84' lang='lat' dir='ltr'>Maximus</span> <span class='ocrx_word' id='word_1_170' title='bbox 333 2623 408 2710; x_wconf 75' lang='lat'>[111.</span> <span class='ocrx_word' id='word_1_171' title='bbox 439 2627 468 2707; x_wconf 75' lang='lat'>2,</span> <span class='ocrx_word' id='word_1_172' title='bbox 499 2629 536 2690; x_wconf 83' lang='lat'>17</span> <span class='ocrx_word' id='word_1_173' title='bbox 560 2649 590 2712; x_wconf 93' lang='lat' dir='ltr'>p.</span> <span class='ocrx_word' id='word_1_174' title='bbox 608 2627 694 2709; x_wconf 77' lang='lat'>255],</span> <span class='ocrx_word' id='word_1_175' title='bbox 727 2625 866 2690; x_wconf 89' lang='lat' dir='ltr'>Velleius</span> <span class='ocrx_word' id='word_1_176' title='bbox 896 2625 1128 2712; x_wconf 82' lang='lat' dir='ltr'>[11,3p.17]‚</span> <span class='ocrx_word' id='word_1_177' title='bbox 1163 2624 1354 2689; x_wconf 86' lang='lat' dir='ltr'>Plutarchus</span> 
     </span>
     <span class='ocr_line' id='line_1_23' title="bbox 139 2723 1108 2814; baseline 0.002 -27"><span class='ocrx_word' id='word_1_178' title='bbox 139 2723 172 2806; x_wconf 93' lang='lat' dir='ltr'>[l.</span> <span class='ocrx_word' id='word_1_179' title='bbox 196 2725 215 2788; x_wconf 92' lang='lat' dir='ltr'>l.</span> <span class='ocrx_word' id='word_1_180' title='bbox 241 2748 267 2790; x_wconf 89' lang='lat' dir='ltr'>c.</span> <span class='ocrx_word' id='word_1_181' title='bbox 289 2725 379 2809; x_wconf 90' lang='lat' dir='ltr'>XX],</span> <span class='ocrx_word' id='word_1_182' title='bbox 402 2727 570 2814; x_wconf 82' lang='lat' dir='ltr'>Appianas</span> <span class='ocrx_word' id='word_1_183' title='bbox 595 2728 638 2811; x_wconf 83' lang='lat' dir='ltr'>[b.</span> <span class='ocrx_word' id='word_1_184' title='bbox 663 2750 689 2794; x_wconf 90' lang='lat' dir='ltr'>c.</span> <span class='ocrx_word' id='word_1_185' title='bbox 712 2727 739 2808; x_wconf 91' lang='lat' dir='ltr'>I,</span> <span class='ocrx_word' id='word_1_186' title='bbox 766 2730 803 2792; x_wconf 87' lang='lat'>16</span> <span class='ocrx_word' id='word_1_187' title='bbox 825 2751 854 2814; x_wconf 91' lang='lat' dir='ltr'>p.</span> <span class='ocrx_word' id='word_1_188' title='bbox 872 2727 947 2812; x_wconf 77' lang='lat'>291]</span> <span class='ocrx_word' id='word_1_189' title='bbox 972 2725 1108 2790; x_wconf 90' lang='lat' dir='ltr'>tradunt.</span> 
     </span>
    </p>

    <p class='ocr_par' dir='ltr' id='par_1_14' title="bbox 137 2815 1357 3503">
     <span class='ocr_line' id='line_1_24' title="bbox 223 2815 1355 2916; baseline -0.002 -25"><span class='ocrx_word' id='word_1_190' title='bbox 223 2826 317 2908; x_wconf 80' lang='lat' dir='ltr'>Quod</span> <span class='ocrx_word' id='word_1_191' title='bbox 340 2828 489 2914; x_wconf 89' lang='lat' dir='ltr'>quoniam</span> <span class='ocrx_word' id='word_1_192' title='bbox 510 2829 671 2916; x_wconf 91' lang='lat' dir='ltr'>Hauptius</span> <span class='ocrx_word' id='word_1_193' title='bbox 694 2815 734 2894; x_wconf 88' lang='lat' dir='ltr'>de</span> <span class='ocrx_word' id='word_1_194' title='bbox 756 2828 861 2894; x_wconf 89' lang='lat' dir='ltr'>multis</span> <span class='ocrx_word' id='word_1_195' title='bbox 890 2829 961 2893; x_wconf 90' lang='lat' dir='ltr'>aliis</span> <span class='ocrx_word' id='word_1_196' title='bbox 987 2829 1065 2893; x_wconf 91' lang='lat' dir='ltr'>locis</span> <span class='ocrx_word' id='word_1_197' title='bbox 1091 2828 1176 2894; x_wconf 90' lang='lat' dir='ltr'>idem</span> <span class='ocrx_word' id='word_1_198' title='bbox 1203 2825 1355 2907; x_wconf 86' lang='lat' dir='ltr'>ostendit,</span> 
     </span>
     <span class='ocr_line' id='line_1_25' title="bbox 138 2927 1356 3018; baseline 0 -26"><span class='ocrx_word' id='word_1_199' title='bbox 138 2928 214 2992; x_wconf 91' lang='lat' dir='ltr'>satis</span> <span class='ocrx_word' id='word_1_200' title='bbox 247 2928 348 2994; x_wconf 90' lang='lat' dir='ltr'>habeo</span> <span class='ocrx_word' id='word_1_201' title='bbox 375 2929 435 2995; x_wconf 91' lang='lat' dir='ltr'>hoc</span> <span class='ocrx_word' id='word_1_202' title='bbox 467 2954 564 2994; x_wconf 91' lang='lat' dir='ltr'>unum</span> <span class='ocrx_word' id='word_1_203' title='bbox 593 2952 768 3018; x_wconf 89' lang='lat' dir='ltr'>proponere</span> <span class='ocrx_word' id='word_1_204' title='bbox 798 2931 983 3018; x_wconf 85' lang='lat' dir='ltr'>exemplum.</span> <span class='ocrx_word' id='word_1_205' title='bbox 1030 2941 1124 3015; x_wconf 83' lang='lat' dir='ltr'>atque</span> <span class='ocrx_word' id='word_1_206' title='bbox 1157 2951 1219 3016; x_wconf 91' lang='lat' dir='ltr'>quo</span> <span class='ocrx_word' id='word_1_207' title='bbox 1251 2927 1356 2992; x_wconf 93' lang='lat' dir='ltr'>minus</span> 
     </span>
     <span class='ocr_line' id='line_1_26' title="bbox 138 3029 1356 3119; baseline -0.001 -26"><span class='ocrx_word' id='word_1_208' title='bbox 138 3029 288 3096; x_wconf 90' lang='lat' dir='ltr'>credibile</span> <span class='ocrx_word' id='word_1_209' title='bbox 310 3041 367 3112; x_wconf 89' lang='lat' dir='ltr'>est,</span> <span class='ocrx_word' id='word_1_210' title='bbox 392 3032 520 3097; x_wconf 86' lang='lat' dir='ltr'>Florum</span> <span class='ocrx_word' id='word_1_211' title='bbox 535 3031 686 3095; x_wconf 89' lang='lat' dir='ltr'>nonnulla</span> <span class='ocrx_word' id='word_1_212' title='bbox 701 3053 740 3096; x_wconf 88' lang='lat' dir='ltr'>ex</span> <span class='ocrx_word' id='word_1_213' title='bbox 762 3043 869 3097; x_wconf 89' lang='lat' dir='ltr'>nostro</span> <span class='ocrx_word' id='word_1_214' title='bbox 891 3031 971 3096; x_wconf 90' lang='lat' dir='ltr'>libro</span> <span class='ocrx_word' id='word_1_215' title='bbox 988 3031 1193 3119; x_wconf 86' lang='lat' dir='ltr'>excerpsisse,</span> <span class='ocrx_word' id='word_1_216' title='bbox 1216 3053 1253 3095; x_wconf 91' lang='lat' dir='ltr'>eo</span> <span class='ocrx_word' id='word_1_217' title='bbox 1276 3029 1356 3093; x_wconf 81' lang='lat' dir='ltr'>reri-</span> 
     </span>
     <span class='ocr_line' id='line_1_27' title="bbox 139 3129 1355 3221; baseline -0.001 -26"><span class='ocrx_word' id='word_1_218' title='bbox 139 3129 271 3196; x_wconf 91' lang='lat' dir='ltr'>similius</span> <span class='ocrx_word' id='word_1_219' title='bbox 294 3141 342 3197; x_wconf 90' lang='lat' dir='ltr'>est</span> <span class='ocrx_word' id='word_1_220' title='bbox 360 3132 441 3198; x_wconf 90' lang='lat' dir='ltr'>illud</span> <span class='ocrx_word' id='word_1_221' title='bbox 456 3131 616 3221; x_wconf 84' lang='lat' dir='ltr'>Spengelii</span> <span class='ocrx_word' id='word_1_222' title='bbox 638 3133 798 3213; x_wconf 91' lang='lat' dir='ltr'>iudicium,</span> <span class='ocrx_word' id='word_1_223' title='bbox 823 3143 983 3198; x_wconf 87' lang='lat' dir='ltr'>auctorem</span> <span class='ocrx_word' id='word_1_224' title='bbox 1007 3133 1045 3198; x_wconf 91' lang='lat' dir='ltr'>de</span> <span class='ocrx_word' id='word_1_225' title='bbox 1069 3133 1125 3198; x_wconf 89' lang='lat' dir='ltr'>vir.</span> <span class='ocrx_word' id='word_1_226' title='bbox 1147 3131 1191 3196; x_wconf 93' lang='lat' dir='ltr'>ill.</span> <span class='ocrx_word' id='word_1_227' title='bbox 1214 3131 1247 3194; x_wconf 92' lang='lat' dir='ltr'>in</span> <span class='ocrx_word' id='word_1_228' title='bbox 1270 3152 1355 3195; x_wconf 91' lang='lat' dir='ltr'>com-</span> 
     </span>
     <span class='ocr_line' id='line_1_28' title="bbox 138 3232 1354 3322; baseline -0.001 -26"><span class='ocrx_word' id='word_1_229' title='bbox 138 3232 284 3316; x_wconf 90' lang='lat' dir='ltr'>ponendo</span> <span class='ocrx_word' id='word_1_230' title='bbox 314 3234 393 3300; x_wconf 86' lang='lat' dir='ltr'>libro</span> <span class='ocrx_word' id='word_1_231' title='bbox 420 3259 476 3300; x_wconf 90' lang='lat' dir='ltr'>suo</span> <span class='ocrx_word' id='word_1_232' title='bbox 502 3237 618 3322; x_wconf 90' lang='lat' dir='ltr'>passim</span> <span class='ocrx_word' id='word_1_233' title='bbox 645 3234 732 3299; x_wconf 86' lang='lat' dir='ltr'>Flori</span> <span class='ocrx_word' id='word_1_234' title='bbox 758 3234 894 3320; x_wconf 84' lang='lat' dir='ltr'>epitome</span> <span class='ocrx_word' id='word_1_235' title='bbox 916 3257 1006 3299; x_wconf 90' lang='lat' dir='ltr'>usum</span> <span class='ocrx_word' id='word_1_236' title='bbox 1036 3235 1127 3300; x_wconf 91' lang='lat' dir='ltr'>modo</span> <span class='ocrx_word' id='word_1_237' title='bbox 1154 3234 1234 3299; x_wconf 91' lang='lat' dir='ltr'>haec</span> <span class='ocrx_word' id='word_1_238' title='bbox 1260 3232 1354 3297; x_wconf 92' lang='lat' dir='ltr'>modo</span> 
     </span>
     <span class='ocr_line' id='line_1_29' title="bbox 137 3334 1357 3424; baseline 0.001 -27"><span class='ocrx_word' id='word_1_239' title='bbox 137 3334 193 3398; x_wconf 90' lang='lat' dir='ltr'>illa</span> <span class='ocrx_word' id='word_1_240' title='bbox 219 3335 293 3400; x_wconf 92' lang='lat' dir='ltr'>inde</span> <span class='ocrx_word' id='word_1_241' title='bbox 321 3335 486 3424; x_wconf 88' lang='lat' dir='ltr'>desumpta</span> <span class='ocrx_word' id='word_1_242' title='bbox 518 3337 550 3401; x_wconf 94' lang='lat' dir='ltr'>in</span> <span class='ocrx_word' id='word_1_243' title='bbox 582 3337 754 3420; x_wconf 87' lang='lat' dir='ltr'>integrum,</span> <span class='ocrx_word' id='word_1_244' title='bbox 787 3360 878 3423; x_wconf 83' lang='lat' dir='ltr'>quem</span> <span class='ocrx_word' id='word_1_245' title='bbox 914 3358 1022 3423; x_wconf 86' lang='lat' dir='ltr'>presse</span> <span class='ocrx_word' id='word_1_246' title='bbox 1055 3336 1205 3422; x_wconf 90' lang='lat' dir='ltr'>sequitur,</span> <span class='ocrx_word' id='word_1_247' title='bbox 1239 3335 1357 3399; x_wconf 90' lang='lat' dir='ltr'>librum</span> 
     </span>
     <span class='ocr_line' id='line_1_30' title="bbox 138 3459 315 3503; baseline 0.017 -3"><span class='ocrx_word' id='word_1_248' title='bbox 138 3459 315 3503; x_wconf 77' lang='lat' dir='ltr'>inseruisse.</span> 
     </span>
    </p>

    <p class='ocr_par' dir='ltr' id='par_1_15' title="bbox 139 3537 1359 3828">
     <span class='ocr_line' id='line_1_31' title="bbox 224 3537 1358 3627; baseline -0.001 -24"><span class='ocrx_word' id='word_1_249' title='bbox 224 3538 424 3604; x_wconf 84' lang='lat' dir='ltr'>Woelfflinus</span> <span class='ocrx_word' id='word_1_250' title='bbox 447 3550 478 3604; x_wconf 92' lang='lat' dir='ltr'>et</span> <span class='ocrx_word' id='word_1_251' title='bbox 501 3539 659 3627; x_wconf 88' lang='lat' dir='ltr'>Hauptius</span> <span class='ocrx_word' id='word_1_252' title='bbox 680 3539 763 3602; x_wconf 89' lang='lat' dir='ltr'>illius</span> <span class='ocrx_word' id='word_1_253' title='bbox 790 3537 871 3602; x_wconf 78' lang='lat' dir='ltr'>inter</span> <span class='ocrx_word' id='word_1_254' title='bbox 893 3539 1022 3604; x_wconf 89' lang='lat' dir='ltr'>Florum</span> <span class='ocrx_word' id='word_1_255' title='bbox 1049 3549 1082 3604; x_wconf 92' lang='lat' dir='ltr'>et</span> <span class='ocrx_word' id='word_1_256' title='bbox 1102 3539 1257 3603; x_wconf 89' lang='lat' dir='ltr'>Nostrum</span> <span class='ocrx_word' id='word_1_257' title='bbox 1284 3560 1358 3603; x_wconf 95' lang='lat' dir='ltr'>con-</span> 
     </span>
     <span class='ocr_line' id='line_1_32' title="bbox 140 3638 1359 3728; baseline 0.001 -24"><span class='ocrx_word' id='word_1_258' title='bbox 140 3661 250 3704; x_wconf 90' lang='lat' dir='ltr'>sensus</span> <span class='ocrx_word' id='word_1_259' title='bbox 274 3664 400 3706; x_wconf 90' lang='lat' dir='ltr'>causam</span> <span class='ocrx_word' id='word_1_260' title='bbox 424 3640 498 3707; x_wconf 91' lang='lat' dir='ltr'>inde</span> <span class='ocrx_word' id='word_1_261' title='bbox 520 3640 723 3728; x_wconf 90' lang='lat' dir='ltr'>repetendam</span> <span class='ocrx_word' id='word_1_262' title='bbox 745 3663 813 3705; x_wconf 90' lang='lat' dir='ltr'>esse</span> <span class='ocrx_word' id='word_1_263' title='bbox 830 3652 967 3722; x_wconf 88' lang='lat' dir='ltr'>censent,</span> <span class='ocrx_word' id='word_1_264' title='bbox 991 3641 1073 3728; x_wconf 91' lang='lat' dir='ltr'>quod</span> <span class='ocrx_word' id='word_1_265' title='bbox 1091 3663 1131 3704; x_wconf 89' lang='lat' dir='ltr'>cx</span> <span class='ocrx_word' id='word_1_266' title='bbox 1146 3638 1258 3704; x_wconf 88' lang='lat' dir='ltr'>eodem</span> <span class='ocrx_word' id='word_1_267' title='bbox 1271 3638 1359 3705; x_wconf 86' lang='lat' dir='ltr'>fonte</span> 
     </span>
     <span class='ocr_line' id='line_1_33' title="bbox 139 3741 521 3828; baseline 0.005 -23"><span class='ocrx_word' id='word_1_268' title='bbox 139 3752 271 3828; x_wconf 90' lang='lat' dir='ltr'>uterque</span> <span class='ocrx_word' id='word_1_269' title='bbox 294 3765 352 3807; x_wconf 90' lang='lat' dir='ltr'>sua</span> <span class='ocrx_word' id='word_1_270' title='bbox 373 3741 521 3807; x_wconf 85' lang='lat' dir='ltr'>hauserit.</span> 
     </span>
    </p>

    <p class='ocr_par' dir='ltr' id='par_1_16' title="bbox 138 3841 1358 4134">
     <span class='ocr_line' id='line_1_34' title="bbox 168 3841 1358 3930; baseline 0 -22"><span class='ocrx_word' id='word_1_271' title='bbox 168 3847 170 3849; x_wconf 76' lang='grc'><strong>’</strong></span> <span class='ocrx_word' id='word_1_272' title='bbox 223 3845 269 3908; x_wconf 89' lang='grc' dir='ltr'>Α1</span> <span class='ocrx_word' id='word_1_273' title='bbox 290 3845 427 3930; x_wconf 89' lang='lat' dir='ltr'>primum</span> <span class='ocrx_word' id='word_1_274' title='bbox 448 3866 550 3929; x_wconf 89' lang='lat' dir='ltr'>neque</span> <span class='ocrx_word' id='word_1_275' title='bbox 571 3841 770 3909; x_wconf 87' lang='lat' dir='ltr'>Woelfflinus</span> <span class='ocrx_word' id='word_1_276' title='bbox 785 3842 907 3930; x_wconf 85' lang='lat' dir='ltr'>Hygini</span> <span class='ocrx_word' id='word_1_277' title='bbox 930 3865 1033 3929; x_wconf 87' lang='lat' dir='ltr'>neque</span> <span class='ocrx_word' id='word_1_278' title='bbox 1048 3841 1209 3928; x_wconf 90' lang='lat' dir='ltr'>Hauptius</span> <span class='ocrx_word' id='word_1_279' title='bbox 1225 3843 1358 3929; x_wconf 88' lang='lat' dir='ltr'>Nepotis</span> 
     </span>
     <span class='ocr_line' id='line_1_35' title="bbox 140 3944 1357 4032; baseline 0.001 -24"><span class='ocrx_word' id='word_1_280' title='bbox 140 3946 273 4030; x_wconf 83' lang='lat' dir='ltr'>vestigia</span> <span class='ocrx_word' id='word_1_281' title='bbox 294 3945 376 4032; x_wconf 92' lang='lat' dir='ltr'>apud</span> <span class='ocrx_word' id='word_1_282' title='bbox 399 3945 530 4010; x_wconf 89' lang='lat' dir='ltr'>Florum</span> <span class='ocrx_word' id='word_1_283' title='bbox 556 3944 773 4023; x_wconf 90' lang='lat' dir='ltr'>ostenderunt,</span> <span class='ocrx_word' id='word_1_284' title='bbox 803 3945 857 4010; x_wconf 90' lang='lat' dir='ltr'>sed</span> <span class='ocrx_word' id='word_1_285' title='bbox 878 3955 1019 4010; x_wconf 91' lang='lat' dir='ltr'>nostrum</span> <span class='ocrx_word' id='word_1_286' title='bbox 1045 3945 1161 4009; x_wconf 90' lang='lat' dir='ltr'>librum</span> <span class='ocrx_word' id='word_1_287' title='bbox 1190 3944 1230 4009; x_wconf 90' lang='lat' dir='ltr'>ad</span> <span class='ocrx_word' id='word_1_288' title='bbox 1252 3944 1357 4032; x_wconf 85' lang='lat' dir='ltr'>Hygi-</span> 
     </span>
     <span class='ocr_line' id='line_1_36' title="bbox 138 4044 1357 4134; baseline 0.002 -25"><span class='ocrx_word' id='word_1_289' title='bbox 138 4069 213 4109; x_wconf 93' lang='lat' dir='ltr'>num</span> <span class='ocrx_word' id='word_1_290' title='bbox 242 4046 291 4111; x_wconf 85' lang='lat' dir='ltr'>vel</span> <span class='ocrx_word' id='word_1_291' title='bbox 315 4047 470 4132; x_wconf 89' lang='lat' dir='ltr'>Nepotem</span> <span class='ocrx_word' id='word_1_292' title='bbox 497 4046 694 4112; x_wconf 87' lang='lat' dir='ltr'>referendum</span> <span class='ocrx_word' id='word_1_293' title='bbox 723 4069 792 4112; x_wconf 89' lang='lat' dir='ltr'>esse</span> <span class='ocrx_word' id='word_1_294' title='bbox 820 4047 939 4134; x_wconf 88' lang='lat' dir='ltr'>opinati</span> <span class='ocrx_word' id='word_1_295' title='bbox 964 4045 1050 4110; x_wconf 89' lang='lat' dir='ltr'>idem</span> <span class='ocrx_word' id='word_1_296' title='bbox 1075 4044 1113 4110; x_wconf 91' lang='lat' dir='ltr'>de</span> <span class='ocrx_word' id='word_1_297' title='bbox 1141 4044 1235 4111; x_wconf 87' lang='lat' dir='ltr'>Floro</span> <span class='ocrx_word' id='word_1_298' title='bbox 1263 4047 1357 4126; x_wconf 89' lang='lat' dir='ltr'>certis</span> 
     </span>
    </p>
   </div>
   <div class='ocr_carea' id='block_1_10' title="bbox 29 4148 1359 4236">
    <p class='ocr_par' dir='ltr' id='par_1_17' title="bbox 29 4148 1359 4236">
     <span class='ocr_line' id='line_1_37' title="bbox 29 4148 1359 4236; baseline 0.002 -26"><span class='ocrx_word' id='word_1_299' title='bbox 29 4217 33 4223; x_wconf 52' lang='grc'>,</span> <span class='ocrx_word' id='word_1_300' title='bbox 138 4149 330 4232; x_wconf 87' lang='lat' dir='ltr'>argumentis</span> <span class='ocrx_word' id='word_1_301' title='bbox 364 4148 577 4213; x_wconf 89' lang='lat' dir='ltr'>demonstrare</span> <span class='ocrx_word' id='word_1_302' title='bbox 610 4171 872 4235; x_wconf 88' lang='lat' dir='ltr'>supervacaneum</span> <span class='ocrx_word' id='word_1_303' title='bbox 913 4170 982 4213; x_wconf 89' lang='lat' dir='ltr'>esse</span> <span class='ocrx_word' id='word_1_304' title='bbox 1018 4156 1214 4236; x_wconf 90' lang='lat' dir='ltr'>putaverunt.</span> <span class='ocrx_word' id='word_1_305' title='bbox 1270 4148 1359 4235; x_wconf 90' lang='lat' dir='ltr'>atqui</span> 
     </span>
    </p>
   </div>
   <div class='ocr_carea' id='block_1_11' title="bbox 138 4248 1358 4546">
    <p class='ocr_par' dir='ltr' id='par_1_18' title="bbox 138 4248 1358 4546">
     <span class='ocr_line' id='line_1_38' title="bbox 138 4248 1358 4338; baseline 0.002 -25"><span class='ocrx_word' id='word_1_306' title='bbox 138 4248 264 4314; x_wconf 90' lang='lat' dir='ltr'>Florum</span> <span class='ocrx_word' id='word_1_307' title='bbox 289 4249 469 4315; x_wconf 88' lang='lat' dir='ltr'>universam</span> <span class='ocrx_word' id='word_1_308' title='bbox 490 4250 610 4316; x_wconf 90' lang='lat' dir='ltr'>liberae</span> <span class='ocrx_word' id='word_1_309' title='bbox 630 4249 822 4338; x_wconf 86' lang='lat' dir='ltr'>reipublicae</span> <span class='ocrx_word' id='word_1_310' title='bbox 838 4249 1001 4315; x_wconf 87' lang='lat' dir='ltr'>historiam</span> <span class='ocrx_word' id='word_1_311' title='bbox 1015 4249 1259 4336; x_wconf 88' lang='lat' dir='ltr'>perscribentem</span> <span class='ocrx_word' id='word_1_312' title='bbox 1277 4250 1358 4316; x_wconf 91' lang='lat' dir='ltr'>libro</span> 
     </span>
     <span class='ocr_line' id='line_1_39' title="bbox 139 4349 1355 4438; baseline 0.002 -25"><span class='ocrx_word' id='word_1_313' title='bbox 139 4349 177 4416; x_wconf 90' lang='lat' dir='ltr'>de</span> <span class='ocrx_word' id='word_1_314' title='bbox 198 4351 275 4416; x_wconf 85' lang='lat' dir='ltr'>viris</span> <span class='ocrx_word' id='word_1_315' title='bbox 297 4351 472 4418; x_wconf 85' lang='lat' dir='ltr'>illustribus</span> <span class='ocrx_word' id='word_1_316' title='bbox 494 4377 587 4418; x_wconf 90' lang='lat' dir='ltr'>usum</span> <span class='ocrx_word' id='word_1_317' title='bbox 611 4375 679 4418; x_wconf 89' lang='lat' dir='ltr'>esse</span> <span class='ocrx_word' id='word_1_318' title='bbox 700 4376 720 4416; x_wconf 89' lang='lat' dir='ltr'>a</span> <span class='ocrx_word' id='word_1_319' title='bbox 743 4353 964 4438; x_wconf 88' lang='lat' dir='ltr'>probabilitate</span> <span class='ocrx_word' id='word_1_320' title='bbox 985 4364 1051 4417; x_wconf 89' lang='lat' dir='ltr'>tam</span> <span class='ocrx_word' id='word_1_321' title='bbox 1073 4353 1182 4437; x_wconf 88' lang='lat' dir='ltr'>procul</span> <span class='ocrx_word' id='word_1_322' title='bbox 1197 4351 1355 4435; x_wconf 88' lang='lat' dir='ltr'>abhorret,</span> 
     </span>
     <span class='ocr_line' id='line_1_40' title="bbox 138 4453 1356 4546; baseline 0.002 -30"><span class='ocrx_word' id='word_1_323' title='bbox 138 4459 186 4535; x_wconf 88' lang='lat' dir='ltr'>ut,</span> <span class='ocrx_word' id='word_1_324' title='bbox 219 4453 281 4517; x_wconf 91' lang='lat' dir='ltr'>nisi</span> <span class='ocrx_word' id='word_1_325' title='bbox 302 4454 499 4545; x_wconf 83' lang='lat' dir='ltr'>gravissimis</span> <span class='ocrx_word' id='word_1_326' title='bbox 521 4464 553 4526; x_wconf 89' lang='lat' dir='ltr'>et</span> <span class='ocrx_word' id='word_1_327' title='bbox 574 4455 763 4527; x_wconf 81' lang='lat' dir='ltr'>firmissimis</span> <span class='ocrx_word' id='word_1_328' title='bbox 791 4454 984 4546; x_wconf 76' lang='lat' dir='ltr'>argumentis</span> <span class='ocrx_word' id='word_1_329' title='bbox 1010 4453 1243 4544; x_wconf 84' lang='lat' dir='ltr'>comprobetur,</span> <span class='ocrx_word' id='word_1_330' title='bbox 1279 4453 1356 4530; x_wconf 80' lang='lat' dir='ltr'>mihi</span> 
     </span>
    </p>
   </div>
   <div class='ocr_carea' id='block_1_12' title="bbox 0 0 1621 5174">
    <p class='ocr_par' dir='ltr' id='par_1_19' title="bbox 0 0 1621 5174">
     <span class='ocr_line' id='line_1_41' title="bbox 0 0 1621 5174; baseline 0 0"><span class='ocrx_word' id='word_1_331' title='bbox 0 0 1621 5174; x_wconf 95' lang='lat' dir='ltr'> </span> 
     </span>
    </p>
   </div>
  </div>
 </body>
</html>
