3218 5174
730 459 771 527 37

139 663 226 724 cuius
270 665 394 741 populus
432 665 621 741 imperium
661 679 728 726 cum
779 677 840 726 tum
861 665 1082 745 imperiosibi
1096 665 1245 745 aequari
1260 683 1364 745 passus

139 760 294 819 dictatoris
315 770 532 835 aequaverat
550 770 578 818 et
591 762 728 820 exercitui
780 769 833 835 est,
864 760 1052 821 nibilominus
1077 763 1250 839 periclitanti
1279 764 1366 822 sub·

141 856 300 933 proffigatc
321 853 491 914 subvenit.
780 856 887 916 venit

142 1000 227 1078 Elog.
249 1000 284 1060 L.
306 998 426 1058 Aemilii
440 998 531 1136 223⁰ss
556 999 588 1060 C.
608 1001 638 1060 J.
653 1003 687 1060 L.
709 1004 732 1099 Ι,
893 1010 968 1062 auct.
990 1002 1025 1061 de
1045 1001 1099 1061 vir.
1119 1001 1163 1062 ill.
1184 1002 1256 1061 LVI

389 1097 418 1153 p.

462 1171 542 1225 Orelli
561 1171 582 1239 I,
602 1190 628 1226 n.
647 1177 696 1228 542

144 1309 185 1320 -
205 1274 360 1352 Liguribus
374 1274 492 1333 domitis
511 1276 635 1352 priore
656 1295 730 1335 con·
783 1275 939 1353 ..primo
959 1276 1170 1351 consulatu,
1192 1297 1278 1354 quem
1298 1285 1366 1355 post

147 1370 273 1428 sulatu
293 1368 493 1444 triumphavit.
533 1370 640 1428 iterum
663 1389 732 1428 con·
783 1376 844 1428 tres
863 1370 998 1447 repulsas
1019 1371 1140 1446 adeptus
1160 1382 1232 1446 erat,
1264 1373 1300 1430 de
1321 1373 1370 1430 Li-

147 1464 197 1523 sul
218 1499 253 1508 -
784 1464 904 1540 guribus
924 1465 1121 1541 triumphavit.
1161 1466 1267 1525 iterum
1300 1486 1368 1525 oon-

784 1558 832 1617 sul
851 1592 889 1602 —

235 1703 339 1771 Ceteri
363 1727 469 1770 omnes
492 1711 644 1786 auctores,
667 1715 818 1792 quantum
846 1707 921 1787 scio,
948 1709 1182 1794 proconsulem
1202 1731 1267 1773 non
1289 1730 1363 1773 con-

149 1806 252 1872 sulem
272 1830 346 1872 eum
366 1805 497 1871 tradunt
518 1805 771 1894 triumphavisse.

405 1942 479 2002 lbid.
1047 1945 1121 2006 Ibid.

150 2074 333 2132 regemque
352 2073 417 2112 cum
437 2053 499 2113 filio
520 2053 625 2130 cepit.
787 2073 906 2132 regem
927 2098 934 2112 .
956 2100 962 2114 .
984 2057 1087 2133 cepit.

154 2202 239 2278 Elog.
267 2200 300 2260 C.
322 2200 406 2259 Marii
429 2198 461 2259 C.
484 2198 513 2257 J.
534 2197 569 2257 L.
591 2199 613 2271 I,
638 2219 667 2275 p.
681 2198 739 2256 290
876 2207 953 2259 auct.
976 2201 1012 2259 de
1032 2201 1084 2260 vir.
1106 2201 1146 2259 ill.
1167 2201 1285 2259 LXVII

468 2294 557 2357 Orelli,
577 2293 588 2346 1
609 2311 633 2348 u.
654 2298 704 2347 543

194 2396 227 2456 C.
249 2398 361 2456 Marius
392 2400 529 2475 septies
554 2395 738 2455 consul..
779 2428 782 2434 ·
829 2395 862 2455 C.
885 2396 996 2456 Marius
1025 2397 1167 2473 septies
1189 2395 1373 2456 consul..

154 2491 284 2562 Praetor,
296 2490 347 2551 Tr.
359 2492 410 2570 pl,
425 2490 621 2566 Quaestor,
637 2493 739 2567 Augur
789 2491 893 2567 primis
925 2491 1084 2551 honoribus
1118 2510 1180 2567 per
1209 2491 1372 2550 ordinem

154 2584 298 2645 Tribunus
318 2586 452 2646 militum.
788 2586 913 2644 functus.

241 2733 289 2798 De
302 2732 398 2797 Marii
421 2742 588 2819 quaestura
609 2741 735 2820 praeter
749 2732 898 2796 Nostrum
922 2742 952 2796 et
966 2731 1102 2818 elogium
1125 2732 1209 2797 solus
1225 2731 1373 2797 Valerius

155 2835 314 2901 Maximus
336 2833 394 2916 VI,
419 2838 447 2918 9,
473 2837 510 2898 14
532 2857 562 2920 p.
587 2833 685 2918 528¹)
707 2834 899 2899 mentionem
919 2834 1003 2900 facit.

413 2971 486 3030 Ibid
1050 2970 1121 3031 lbid.

159 3119 196 3128 -
235 3104 299 3142 eum
339 3083 540 3161 [Iugurtham]
580 3083 677 3158 cepit
714 3090 743 3140 et
831 3081 1009 3158 Iugurtham
1029 3093 1171 3158 captum
1196 3087 1279 3141 ante
1298 3100 1375 3141 cur-

159 3180 341 3255 triumphans
371 3189 454 3236 ante
479 3196 620 3236 currum
641 3193 740 3234 suum
794 3197 869 3234 rum
890 3177 958 3253 egit.

160 3274 240 3331 duci
260 3273 352 3333 iussit.

161 3418 239 3496 Elog.
260 3419 295 3477 L.
316 3418 430 3476 Luculli
452 3417 484 3476 G.
499 3416 528 3474 J.
542 3416 576 3473 L.
593 3415 614 3486 1,
639 3432 669 3490 p.
686 3413 738 3474 291
878 3422 952 3474 auct.
973 3415 1010 3474 de
1031 3416 1083 3473 vir.
1104 3415 1144 3476 ill.
1167 3415 1300 3474 LXXIV

474 3511 553 3565 Orelli
573 3511 593 3574 I,
613 3514 707 3562 11545

198 3614 389 3693 Ocllegam
423 3635 522 3674 suum
553 3613 670 3690 pulsum
705 3644 742 3655 -
794 3611 1143 3689 -collegamsuum
1159 3612 1276 3671 Cottam
1290 3608 1380 3671 Chal-

161 3729 222 3768 cum
248 3729 279 3768 se
304 3711 329 3768 is
349 3710 533 3770 Chalcedona
564 3707 741 3778 contulisset,
794 3707 902 3764 eodone
922 3708 1107 3764 obsessum
1126 3705 1311 3764 liberavit.

161 3805 344 3862 obsidione
363 3803 548 3862 liberavit.

162 3949 245 4026 Elog.
286 3949 429 4026 Scipionis
468 3948 627 4007 Aemiliani
667 3946 744 4022 apud
892 3955 967 4003 auct.
988 3946 1023 4003 de
1043 3946 1097 4003 vir.
1118 3944 1160 4003 ill.
1180 3941 1281 4000 LVIII

225 4041 352 4101 Plinium
372 4043 398 4102 b.
422 4063 439 4099 n
471 4041 566 4115 XXII,
589 4043 616 4115 6,
641 4041 675 4098 13

197 4154 392 4212 Aemilianum
427 4173 542 4230 quoque
578 4152 745 4228 Scipionem
838 4150 984 4208 Tribunus
1021 4149 1058 4207 in
1101 4147 1228 4206 Africa
1272 4144 1384 4222 [Scipio

166 4245 255 4305 Varro
275 4257 376 4305 auctor
397 4254 443 4307 est
462 4249 629 4307 donatum
649 4245 747 4304 obsi·
800 4244 996 4319 Aemilianus]
1027 4243 1080 4301 sub
1108 4242 1158 4302 M.’
1178 4240 1300 4300 Manilio
1332 4242 1370 4298 im

162 4379 357 4387 -—------a

231 4447 255 4514 l)
273 4446 351 4499 Hunc
370 4448 457 4500 locum
477 4447 658 4499 Mommsenus
677 4442 748 4496 (1.1.
772 4441 800 4494 L.
819 4440 840 4503 1,
858 4457 884 4510 p.
897 4443 945 4493 291
965 4438 1064 4492 ominis.
