3218 5174
826 415 867 482 58

235 618 374 685 Metellis
394 641 425 705 p.
442 618 506 702 50],
530 641 556 684 c.
579 616 671 683 LXV
695 618 852 684 Asculum
873 641 893 684 a
915 618 1068 684 Romanis
1091 617 1242 684 defecisse
1266 621 1309 702 [r.
1332 618 1374 685 K.
1397 617 1459 684 W.

235 719 434 786 Nitzschium
456 719 507 786 De
529 718 681 786 Gracchis
704 739 763 784 cet.
780 743 810 806 p.
828 721 934 787 38311.
959 730 990 784 et
1011 719 1135 786 Ihnium
1160 719 1190 786 h.
1215 721 1254 786 R.
1270 720 1310 802 V,
1335 744 1364 807 p.
1382 720 1457 802 65],

236 819 273 888 G.
297 819 475 888 Gracchum
502 821 685 886 concionem
712 844 731 886 a
758 821 884 887 tribuno
911 821 1013 910 plebis
1041 844 1192 887 evocasse
1227 824 1270 904 [r.
1293 821 1459 906 Langium

134 911 137 920 ’
235 924 289 988 l.l
322 922 383 1004 III,
410 947 440 1011 p.
457 921 523 1008 46],
556 921 768 1009 Pomponium
790 923 889 1012 apud
915 937 1057 1011 portam
1092 923 1350 1008 Trigeminam
1383 947 1460 1011 per-

235 1025 439 1114 sequentibus
460 1023 611 1090 restitisse
629 1024 861 1107 [v.'Beckerum
878 1024 1005 1113 Topcgr
1028 1025 1117 1092 Rom.
1136 1026 1161 1108 l,
1183 1049 1214 1112 p.
1234 1027 1340 1090 14411.
1366 1025 1459 1116 206]

235 1150 261 1195 c.
277 1126 387 1196 LXVI
401 1125 530 1190 Livium
544 1123 682 1190 Drusum
705 1125 839 1192 aedilem
861 1136 893 1192 et
914 1138 1113 1212 quaestorem
1134 1128 1231 1194 fuisse
1256 1129 1299 1211 [v.
1315 1125 1460 1192 Momm-

235 1252 341 1294 senum
368 1228 456 1293 Rom.
479 1224 611 1293 Staatsr.
631 1225 657 1307 I,
680 1250 711 1311 p.
728 1227 789 1292 524
811 1253 842 1292 n.
867 1229 895 1308 1,
918 1226 955 1293 G.
979 1228 1010 1294 J.
1033 1227 1070 1295 L.
1094 1228 1121 1310 Ι,
1143 1253 1164 1316 p
1192 1229 1254 1294 279
1269 1227 1345 1309 VII,
1369 1227 1460 1292 Lan-

233 1331 320 1416 gium
342 1329 364 1403 l.
385 1329 405 1393 l.
429 1327 481 1392 III
503 1350 532 1415 p.
550 1329 614 1410 95],
649 1328 827 1413 hlagulsam
853 1328 980 1395 Boccho
1007 1329 1196 1416 prodidisse,
1236 1330 1460 1399 Adherbalem

234 1431 320 1503 domi
342 1453 417 1496 suae
441 1428 641 1512 seclusisse¹)
666 1433 707 1512 [v.
724 1431 881 1516 Langium
901 1431 922 1496 l.
938 1431 957 1497 l.
980 1454 1011 1517 p.
1029 1433 1094 1514 99],
1118 1442 1247 1519 repente
1269 1431 1303 1496 in
1325 1433 1459 1519 publico

233 1531 417 1612 concidisse,
453 1539 526 1594 vota
552 1553 610 1615 pro
635 1555 672 1596 eo
700 1556 755 1620 per
775 1532 904 1598 Italiam
930 1540 1077 1619 suscepta
1103 1555 1172 1598 esse
1207 1535 1250 1616 [v.
1277 1532 1457 1600 Kiehnium

233 1634 302 1699 Der
322 1631 478 1700 rdmisehe
500 1631 876 1719 Bundesgenosscnkrieg
903 1657 933 1722 p.
952 1635 1023 1717 176,
1051 1633 1209 1720 Langium
1230 1635 1251 1700 I.
1274 1635 1294 1700 l.
1318 1658 1352 1722 p.
1368 1635 1456 1716 1031,

232 1735 416 1822 Philippum
442 1734 601 1800 consulem
629 1733 668 1800 de
701 1735 824 1800 insidiis
854 1735 1037 1802 Latinorum
1072 1736 1222 1802 cavendis
1252 1735 1457 1802 admonuisse

234 1840 277 1922 [v.
305 1835 476 1912 Kiehnium
503 1836 523 1900 l.
545 1835 564 1900 I.
594 1859 623 1923 p.
647 1838 707 1900 175
734 1837 889 1923 Langium
916 1838 936 1904 l.
958 1839 978 1904 l.
1002 1861 1031 1926 p.
1050 1838 1105 1920 98,
1139 1837 1266 1903 Ihnium
1294 1837 1325 1902 h.
1350 1838 1390 1903 R.
1414 1837 1456 1918 V,

231 1964 262 2028 p.
280 1939 365 2020 249]
388 1959 414 2003 c.
435 1935 548 2004 LXXI
568 1934 605 2003 G.
623 1937 785 2022 Nigidium
807 1962 826 2004 a
846 1938 991 2005 Viriatho
1007 1961 1191 2028 oppressum
1208 1962 1277 2005 esse
1298 1939 1342 2022 [v.
1356 1938 1458 2004 Hoff-

231 2061 379 2110 mannum
395 2040 443 2104 De
458 2039 593 2107 Viriathi
605 2039 934 2127 Numantinorumque
949 2041 1042 2122 bello,
1062 2039 1225 2129 Gryphiae
1242 2042 1324 2106 1865
1340 2064 1371 2128 p.
1387 2041 1456 2125 36],

232 2168 258 2210 e.
271 2141 401 2210 LXXII
414 2141 585 2206 Aemilium
597 2137 753 2206 Scaurum
764 2141 865 2228 primo
878 2145 908 2207 in
918 2142 1073 2229 Hispania
1084 2143 1279 2211 corniculum
1291 2144 1455 2224 meruisse,

235 2248 294 2314 sub
311 2246 426 2311 Oreste
445 2243 478 2306 iu
493 2240 639 2306 Sardinia
658 2241 811 2329 stipendia
825 2243 946 2323 fecisse,
970 2243 1131 2331 Opimium
1147 2256 1256 2310 contra
1270 2243 1457 2313 Gracchum

235 2350 358 2438 privato
377 2343 507 2416 consilio
523 2347 698 2423 armassel)
723 2342 766 2425 [v.
783 2343 940 2429 Langium
955 2344 974 2410 l.
991 2345 1009 2410 l.
1035 2368 1063 2432 p.
1081 2346 1146 2432 47],
1171 2347 1271 2432 legem
1295 2339 1335 2411 de
1356 2346 1457 2412 liber-

235 2451 373 2518 tinorum
406 2444 565 2529 suffragiis
596 2445 704 2510 tulisse
729 2448 772 2527 [v.
797 2446 955 2530 Langium
982 2447 1000 2511 l.
1025 2447 1044 2510 l.
1067 2445 1093 2528 Ι,
1116 2470 1147 2533 p.
1163 2449 1235 2528 450,
1263 2446 1324 2528 ΙΙΙ,
1352 2470 1383 2534 p.
1402 2449 1454 2529 52,

235 2551 362 2620 Ihnium
389 2549 408 2614 l.
435 2548 456 2611 l.
483 2546 545 2628 IV,
580 2549 620 2612 29
648 2570 678 2610 n.
706 2549 756 2631 3],
792 2571 818 2612 c.
846 2545 989 2612 LXXIII
1024 2550 1215 2634 Appuleium
1246 2547 1456 2614 Saturninum

234 2655 333 2739 legem
358 2651 476 2730 tulisse,
504 2659 538 2714 ut
566 2650 719 2716 veteranis
742 2660 874 2715 centena
900 2650 1011 2734 iugera
1035 2651 1068 2714 in
1098 2651 1209 2717 Africa
1239 2650 1456 2716 dividerentur

236 2758 278 2840 [v.
301 2753 534 2840 Mommsenum
559 2750 595 2816 C.
619 2751 651 2818 d.
674 2751 711 2816 L.
733 2751 759 2833 Ι,
782 2776 812 2840 p.
830 2753 884 2832 97,
907 2751 936 2816 h.
961 2751 999 2816 R.
1023 2750 1067 2833 ΙΙ,
1092 2777 1121 2840 p.
1139 2754 1201 2818 200
1221 2778 1261 2832 11,
1294 2751 1456 2838 Langium

234 2857 254 2923 l.
269 2857 289 2922 I.
306 2854 370 2936 III,
392 2877 422 2940 p.
439 2853 495 2934 75,Ι
512 2851 641 2917 lhnium
655 2853 685 2917 h.
702 2854 740 2920 R.
757 2853 797 2936 V,
820 2876 850 2939 p.
867 2853 954 2938 222]
977 2852 1130 2935 Siciliam,
1150 2854 1318 2936 Achaiam,
1342 2855 1453 2920 Mace·

234 2958 358 3025 doniam
393 2955 483 3020 novis
517 2954 654 3035 coloniis,
681 2955 855 3021 destinasse
880 2955 922 3041 [v.
956 2955 1111 3040 Langium
1140 2957 1159 3019 l.
1187 2957 1208 3021 l.
1236 2956 1280 3037 ΙΙ,
1310 2982 1338 3046 p.
1361 2957 1452 3042 642]

234 3081 346 3125 aurum
368 3057 606 3139 Tolosanuim³)‹
619 3055 659 3119 ad
687 3079 846 3142 agrorum
861 3059 1048 3144 emptionem
1079 3059 1270 3124 convertisse
1299 3061 1341 3142 [v.
1365 3059 1453 3123 Lan-

233 3161 320 3246 gium
342 3159 361 3223 l.
385 3160 404 3222 l.
428 3155 488 3238 ΙΙΙ,
518 3180 547 3242 p.
565 3155 629 3241 78],
663 3169 758 3244 eaput
779 3161 846 3224 eius
873 3182 892 3222 a
918 3159 1050 3225 Rabirio
1074 3159 1210 3245 quodam
1233 3161 1451 3229 circumlatum

234 3285 318 3342 esse,
362 3283 387 3325 c.
425 3257 555 3334 LXXV
592 3255 699 3324 Sullae
728 3261 870 3346 'parvulo
915 3261 1079 3326 mulierem
1113 3263 1219 3328 futura
1254 3262 1451 3350 praedixisse

234 3365 278 3450 [v.
296 3363 462 3428 Klebsium
484 3360 535 3425 De
559 3360 763 3445 scriptoribus
785 3362 896 3427 aetatis
911 3362 1060 3429 Sullanae
1081 3387 1112 3451 p.
1129 3365 1195 3450 53],
1219 3386 1244 3429 o.
1267 3364 1451 3432 LXXVIII

230 3463 399 3534 Lentulum
435 3462 472 3530 O.
507 3461 654 3529 Caesaris
686 3462 774 3528 iussu
806 3463 1004 3530 interfectum
1037 3487 1117 3547 esse,
1149 3488 1177 3533 e.
1203 3466 1370 3532 LXXXII
1401 3467 1449 3533 Μ.

231 3568 361 3634 Brutum
396 3573 591 3651 quaestorem
620 3560 751 3630 Caesari
777 3563 811 3628 in
836 3563 974 3641 Galliam
1000 3567 1158 3652 proficisci
1189 3568 1342 3650 noluisse,
1375 3591 1448 3633 cum

231 3669 338 3759 Appio
361 3665 495 3735 Glaudio
516 3666 550 3730 in
573 3663 686 3732 Cilicia
710 3665 816 3748 fuisse,
840 3689 866 3733 c.
889 3665 1074 3734 LXXXIII
1097 3668 1134 3736 G.
1159 3667 1303 3736 Cassium
1324 3667 1448 3755 Garyo-

229 3783 292 3838 tam
317 3767 574 3856 cognominatum
603 3789 685 3850 esse,
714 3791 740 3833 o.
763 3769 924 3834 LXXXV
949 3769 995 3836 M.
1019 3762 1196 3836 Antonium
1222 3771 1309 3856 regio
1336 3770 1446 3866 habitu

230 3885 376 3942 ornatum
396 3878 527 3934 mortem
551 3869 610 3933 sibi
633 3871 831 3936 conscivisse.
938 3941 940 3946 ,
1144 3945 1146 3948 ,

315 3971 438 4055 Quibus
452 3969 530 4047 locis
546 3968 668 4036 collatis
684 3992 755 4035 oum
768 3972 884 4036 multas
898 3996 948 4039 res
964 3998 983 4039 a
1006 3975 1072 4039 solo
1095 3984 1202 4040 nostro
1217 3986 1344 4044 auctore
1359 3974 1442 4040 tradi

299 4164 322 4222 l)
342 4177 366 4214 v.
385 4159 645 4228 Fraudenbergerum
666 4159 754 4211 Herm.
774 4158 821 4221 Xl,
839 4175 864 4229 p.
877 4165 937 4214 491.

264 4273 268 4283 .
296 4248 322 4311 a)
341 4245 398 4309 Quo
415 4245 471 4297 iure
491 4245 567 4297 Peter
584 4247 645 4308 (vet.
660 4243 719 4296 hist.
735 4245 807 4297 Rom.
819 4246 866 4301 rel.
885 4263 910 4315 p.
923 4246 1050 4314 sctvlr)
1068 4247 1137 4302 hane
1154 4265 1209 4302 rem
1228 4249 1328 4301 auctori
1348 4252 1437 4301 nostro

227 4331 307 4384 errori
325 4334 420 4397 vertat,
439 4345 492 4382 non
510 4329 656 4398 assequor.
934 4349 935 4354 ¹

294 4421 321 4482 3)
340 4429 365 4472 v'.
384 4416 516 4470 Baiterum
536 4414 593 4468 Iud.
612 4416 663 4484 leg.
681 4431 705 4488 p.
722 4420 777 4471 131.
800 4453 801 4458 ,
