3258 5186
742 445 945 542 ..ὃ-0.,-

235 671 346 714 sensus
373 646 446 713 inde
478 646 637 734 profectus
665 647 719 729 sit,
755 644 839 733 quod
873 645 1015 713 eiusdem
1047 645 1223 729 auctoris¹)
1258 645 1393 731 vestigia
1429 654 1462 711 et

235 749 349 817 Cicero
371 758 402 813 et
415 747 566 834 Hyginus
588 758 743 836 premunt,
768 759 874 814 tamen
895 748 1055 836 pleraque,
1080 747 1196 834 quippe
1220 769 1300 833 quae
1322 746 1363 810 ad
1387 770 1461 811 ver-

233 852 307 916 bum
331 872 404 914 cum
425 849 578 916 Cicerone
600 850 777 931 concinant,
800 873 817 915 e
838 846 991 915 Cicerone
1012 849 1082 935 ipso
1098 848 1265 936 Hyginum
1288 846 1460 936 depromp-

235 952 313 1018 sisse
335 951 447 1039 quovis
469 951 599 1039 pignore
620 950 786 1016 contendo.

305 1156 330 1224 1)
350 1155 510 1211 varroniana
529 1154 641 1224 vestigia
659 1155 728 1224 apud
746 1155 1021 1224 Nostrum'apparere
1044 1170 1126 1224 supra
1147 1156 1322 1220 ostendimus,
1348 1158 1459 1208 constat

234 1246 323 1295 autem
347 1244 385 1309 [v.
408 1240 592 1295 dracolenum
615 1239 773 1310 Fragmenta
795 1239 828 1292 ll.
847 1239 964 1294 Terentii
983 1240 1109 1293 Varronis
1133 1258 1199 1310 quae
1224 1241 1401 1294 inveniuntur
1429 1243 1458 1294 in

234 1329 307 1381 libris
326 1328 352 1382 S.
371 1327 515 1397 Augustini
534 1327 566 1379 de
585 1325 698 1380 (licitare
718 1327 774 1390 Dei,
793 1326 916 1396 Lugduni
931 1326 1092 1379 Batavorum
1114 1331 1179 1381 1836
1198 1326 1281 1397 [118]
1301 1327 1456 1381 Ciceronem

232 1414 260 1467 in
280 1413 416 1467 nonnullis
435 1413 508 1466 libris
526 1411 722 1465 conscribendis
741 1411 866 1464 Varronis
891 1427 969 1480 opera
990 1414 1153 1480 permultum
1177 1413 1337 1467 adhibuisse.
1374 1430 1404 1465 ac
1424 1413 1457 1467 de

233 1498 315 1562 libris,
333 1514 399 1566 quos
417 1498 449 1551 de
467 1496 600 1566 republica
618 1497 730 1565 scripsit,
749 1497 806 1563 ipse
825 1497 870 1563 [ad
890 1498 945 1550 Att.
963 1497 1009 1561 lV,
1032 1500 1075 1564 14]
1093 1490 1199 1564 latetur,
1218 1501 1245 1553 in
1264 1499 1347 1553 Bruto
1365 1502 1456 1552 autem

233 1583 272 1635 bis
292 1584 318 1649 [t
331 1587 364 1635 60
382 1590 409 1635 et
426 1583 516 1648 5205]
537 1581 680 1635 Varronem
699 1583 796 1637 laudat.
832 1583 927 1637 deinde
950 1585 1092 1637 nonnullas
1110 1602 1152 1638 res
1175 1586 1207 1638 ab
1229 1592 1335 1637 auctore
1356 1585 1388 1638 de
1407 1586 1458 1639 vir.

232 1669 270 1723 ill.
289 1672 407 1722 narratas
425 1667 457 1720 ad
471 1666 589 1721 Coelium
607 1666 754 1721 referendas
773 1684 831 1721 esse
850 1685 929 1738 supra
949 1669 987 1739 [p.
998 1670 1024 1734 8]
1044 1671 1168 1736 diximus,
1188 1669 1342 1724 Ciceronem
1363 1675 1456 1724 autem

209 1773 212 1780 ·
233 1752 322 1807 Goeiio
333 1755 425 1807 'multa
443 1753 536 1806 debere
556 1768 631 1806 nemo
649 1753 753 1821 ignoret
771 1755 811 1819 [v.
829 1753 942 1808 Nautam
962 1755 993 1808 de
1011 1755 1041 1809 L.
1061 1754 1150 1809 Coelio
1169 1755 1309 1825 Antipatro
1329 1756 1456 1812 historico

233 1839 297 1893 belli
315 1839 408 1892 Punici
426 1839 548 1901 Secundi,
568 1838 654 1908 Lugd.
672 1840 764 1893 Batai.
787 1844 850 1893 1821
869 1856 895 1908 p.
913 1845 944 1893 52
964 1857 1019 1910 sqq.
1038 1846 1065 1896 et
1083 1842 1206 1896 Peterum
1225 1845 1277 1896 vet.
1296 1840 1359 1896 hist.
1378 1841 1457 1896 Rom.

233 1926 358 1995 reliquiae
377 1941 401 1994 p.
416 1925 544 1979 GOXXV.
574 1925 620 1979 cfr.
639 1924 692 1980 Cic.
711 1925 743 1978 ad
762 1925 844 1978 Attio.
862 1925 936 1989 Xlll,
956 1929 992 1993 8.]
1157 1921 1164 1940 ’
