3258 5186
690 565 893 574 *-

265 677 387 737 Codex
406 676 680 736 Laurentianus.

181 797 233 874 (12
249 795 364 856 Plebem
376 816 460 872 usquc
472 798 513 854 cd
525 797 684 874 appellarit
698 797 765 874 om.)

183 893 219 949 13
231 897 380 967 nunquam
430 891 536 951 Lucius
546 891 686 950 Proculus
735 891 765 949 in

182 1005 234 1044 ora.
295 987 458 1046 contionem
521 988 678 1046 risumom.
737 989 767 1044 et

181 1078 319 1154 virtutem
382 1079 516 1140 ltcuius
575 1080 702 1138 Romulo
714 1098 765 1138 om.

260 1183 288 1232 et
309 1193 359 1235 oro.

935 669 1057 738 Codex
1077 679 1286 741 Vaticanus.

817 799 837 856 4
857 797 887 855 in
907 798 1045 874 capitolio
1059 798 1129 856 dori
1143 800 1262 858 feretrio
1322 800 1402 858 oad-

818 910 933 950 versum
992 893 1165 972 bringinem
1180 895 1256 954 nocti
1315 893 1403 954 Titus

817 987 909 1044 tacius
921 986 975 1062 [ric
986 989 1156 1065 constanter]
1213 989 1291 1048 dedit
1305 1006 1404 1064 sump-

818 1085 881 1138 tum
900 1099 984 1140 suum
1004 1082 1034 1140 in
1093 1083 1136 1142 illi
1158 1103 1210 1144 om.
1269 1083 1404 1140 monibus

818 1175 954 1250 gradiant
1042 1177 1145 1236 anulos
1223 1178 1252 1234 in
1273 1177 1346 1235 levis

820 1271 835 1325 7
848 1269 1001 1328 adversum
1012 1272 1120 1329 tacium
1196 1291 1324 1349 pugnam
1335 1289 1404 1329 con·

819 1365 908 1422 sentit
985 1365 1101 1424 hostius
1132 1365 1279 1425 Hostilius
1358 1365 1403 1422 cui

818 1458 936 1516 interitu
996 1459 1098 1537 fugere
1111 1467 1249 1538 ceperunt
1307 1458 1404 1520 dsta-

821 1554 877 1610 tori
898 1553 998 1613 cadem
1058 1554 1162 1612 9hinc
1188 1561 1297 1614 matres
1356 1554 1406 1613 de·

818 1653 933 1724 precato
976 1648 1100 1720 lOfedus
1140 1648 1229 1726 opido
1238 1649 1404 1726 [ammonet]

822 1743 854 1800 11
878 1741 1000 1802 Centum
1024 1741 1181 1802 Senatores
1202 1744 1309 1822 delegit
1324 1752 1353 1802 et
1368 1743 1406 1801 ab

819 1843 915 1895 aetate
945 1846 974 1894 et
1003 1837 1117 1912 pietate
1189 1839 1334 1899 Rtnenses
1365 1837 1405 1895 M.

819 1949 906 1990 varro
937 1931 986 2007 [L.
1007 1931 1045 1989 L.
1073 1930 1105 2005 V,
1131 1931 1171 1988 55
1189 1953 1224 2010 p.
1245 1932 1285 1990 22
1310 1931 1405 2007 Mtte]

736 2027 737 2032 ’
819 2045 889 2103 ager
908 2045 1048 2085 romanus
1073 2026 1200 2104 primum
1224 2025 1336 2084 divisus
1363 2035 1407 2083 est

224 3199 287 3273 tao.
299 3201 336 3274 ill,
360 3199 373 3256 1
389 3197 504 3256 Romuli
519 3198 769 3258 consecrationem

245 3292 307 3369 (diu
318 3293 512 3369 interregnum
523 3299 602 3351 esset
612 3301 639 3351 et
650 3293 716 3370 om.)

184 3387 338 3463 Pomponii
358 3385 436 3445 filius
450 3386 581 3462 quiribus
597 3387 769 3446 Sabinorum

185 3481 293 3558 oppido
343 3480 544 3539 addicentibus
555 3481 666 3539 civibus
714 3481 770 3540 ier-

184 3595 268 3634 reum
287 3575 421 3652 religioni
530 3574 647 3634 Saulios
667 3574 770 3633 Martis

224 3680 345 3729 vocatur
355 3670 428 3729 alios
441 3669 503 3727 Xll
552 3668 630 3727 dano
641 3669 771 3746 geminas

186 3764 314 3841 2plures
323 3764 390 3823 tulit
399 3770 429 3822 et
439 3763 526 3822 utiles
618 3763 642 3821 ei
664 3762 770 3821 bellum

246 3865 315 3936 post
334 3877 427 3918 annos
447 3858 554 3916 multos
575 3857 686 3915 fereula

228 4364 291 4438 Gap.
306 4367 346 4450 lll,
369 4367 383 4423 1
400 4365 450 4441 qui
463 4365 569 4422 bonam
633 4364 772 4423 adversus

189 4457 313 4518 Sabinos
333 4468 455 4518 noverat
541 4458 773 4536 trigeminiorom

818 2120 849 2179 in
869 2130 929 2179 tres
950 2127 1049 2198 partes
1071 2141 1089 2179 a
1110 2140 1168 2198 qno
1190 2119 1242 2179 tali
1256 2119 1407 2198 appellata

819 2224 865 2272 est
883 2215 1055 2274 taciensium
1076 2215 1188 2274 lanium
1209 2215 1336 2274 lucerum
1355 2234 1406 2274 no·

820 2309 930 2368 minate
954 2321 988 2368 ut
1017 2311 1060 2370 ait
1085 2310 1209 2369 Emnius
1238 2309 1364 2370 tarensis
1390 2329 1408 2368 a

820 2403 912 2464 Tacio
932 2404 1114 2464 Ramnenses
1134 2424 1153 2463 a
1172 2404 1301 2464 Romulo
1314 2403 1407 2463 Luce-

819 2518 866 2558 res
889 2508 944 2558 'ut
962 2499 1072 2559 Junius
1107 2501 1144 2559 ab
1173 2497 1349 2560 Lucumone.
1390 2501 1410 2558 a*

820 2591 889 2650 Tito
914 2593 991 2653 tacio
1011 2593 1160 2653 Tioienses
1187 2595 1224 2653 ab
1247 2594 1409 2654 Luctinone

821 2689 996 2764 comunione
1012 2688 1121 2747 luceres
1141 2688 1302 2766 appellarit

808 2837 809 2840 ,
822 2783 857 2841 12
869 2782 1015 2841 distribuit
1024 2801 1148 2858 eamque
1208 2785 1243 2841 13
1254 2783 1410 2842 lustrasset

860 2876 890 2935 in
902 2869 1069 2936 contionem
1142 2877 1302 2954 augustiori
1313 2878 1408 2937 forma

859 2972 1021 3050 preciperet
1031 2977 1065 3030 ut
1118 2972 1153 3030 14
1162 2969 1290 3032 Romma
1339 2991 1407 3032 con·

821 3067 925 3125 stitutu
983 3065 1149 3144 appellatus
1171 3074 1222 3126 est.

860 3197 924 3267 Gau.
938 3197 976 3265 ΙΙΙ,
999 3196 1012 3252 l
1036 3195 1126 3274 (esset
1145 3202 1174 3255 et
1194 3195 1260 3272 om.)
1323 3195 1408 3256 Pom·

823 3291 892 3368 poni
912 3291 991 3350 filius
1120 3291 1250 3350 Flamias
1270 3297 1330 3350 tres

822 3399 941 3444 vocatur
962 3385 1035 3444 alios
1047 3383 1106 3444 XII
1167 3385 1326 3443 Maximum
1347 3404 1409 3443 ere-

824 3479 899 3538 muit
943 3479 1058 3558 gemino
1072 3479 1221 3558 gloficarit
1260 3479 1408 3538 dtulitom.

901 3575 1055 3651 omniaque
1081 3574 1164 3632 iussu
1185 3575 1318 3651 (gerebat
1342 3575 1409 3651 om.)

861 3669 999 3745 nimphae
1062 3669 1203 3728 simulans
1230 3669 1365 3729 instituit.

824 3765 840 3822 3
862 3762 994 3838 sepultus
1014 3772 1059 3820 est
1080 3763 1125 3822 vel
1145 3762 1255 3822 arcula.
1286 3764 1332 3822 De
1353 3783 1409 3841 quo

823 3856 908 3916 Titus
928 3857 1031 3917 Livius
1051 3857 1125 3917 libro
1145 3863 1250 3934 quarto
1275 3859 1313 3916 ab
1338 3859 1410 3917 urbe

825 3952 943 4010 condita
962 3962 992 4011 et
1013 3950 1143 4012 Salerius
1164 3952 1266 4014 Cicero
1287 3951 1323 4010 de
1341 3952 1410 4010 reli·

822 4047 915 4125 gione.
948 4046 1009 4106 Ubi
1034 4053 1101 4124 post
1124 4065 1216 4106 annos
1236 4047 1346 4106 fercula
1363 4047 1411 4107 rel

824 4141 924 4200 arcula
938 4160 1002 4200 cum
1016 4141 1099 4200 libris
1113 4140 1282 4202 aTerentio
1294 4161 1410 4218 quoque

900 4235 979 4314 leges
999 4236 1142 4312 quosdam

863 4366 925 4437 Gau.
946 4368 984 4434 tv,
1018 4367 1029 4422 1
1053 4362 1149 4438 Tulus
1174 4365 1310 4424 hostilius
1341 4365 1411 4442 quia

824 4460 929 4517 bonam
1018 4465 1180 4518 novaverat
1268 4461 1411 4519 creatione
