3218 5174
733 841 854 942 Caput
880 840 943 916 VI.

315 985 443 1068 Quibus
464 990 558 1056 rebus
581 991 733 1078 expositis
755 1001 863 1074 restat,
886 1002 1022 1079 atquae
1044 992 1096 1056 alii
1120 969 1287 1082 scriptores
1308 996 1361 1061 vel
1388 996 1484 1082 Hy-

231 1087 305 1173 gino
328 1089 379 1155 vel
403 1090 517 1173 eidem,
541 1095 593 1159 cui
614 1095 739 1176 Noster,
768 1096 887 1160 auctori
910 1093 1054 1174 debeant,
1083 1119 1100 1159 e
1123 1097 1360 1182 comparatione
1388 1121 1483 1164 cum

230 1189 312 1255 libro
335 1189 374 1257 de
397 1191 457 1262 vir.
479 1193 523 1259 ill.
548 1196 665 1282 scripto
689 1205 721 1261 et
743 1197 878 1283 Ampelii
899 1196 980 1261 libro
1001 1197 1176 1262 memoriali
1198 1198 1398 1285 colligamus.

759 1385 800 1451 be
823 1383 934 1468 eloptta

316 1495 491 1582 Perpauca,
525 1521 607 1586 quae
634 1503 674 1567 ad
700 1502 784 1569 hanc
808 1512 944 1570 aetatem
970 1513 1222 1592 permanserunt,
1257 1503 1360 1589 elogia
1384 1526 1477 1569 cum

230 1594 310 1662 libro
333 1607 441 1665 nostro
456 1600 638 1668 'conferenti
661 1615 749 1670 tanta
770 1617 802 1672 et
822 1607 988 1672 verborum
1005 1616 1037 1671 et
1052 1629 1158 1671 rerum
1172 1604 1251 1670 mibi
1271 1607 1478 1672 occurrebat

231 1699 395 1765 consensio
426 1711 575 1789 tantaque
605 1705 700 1771 totius
731 1707 964 1793 compositionis
992 1707 1178 1787 similitudo,
1212 1717 1364 1794 quantam
1393 1732 1473 1772 non

231 1823 305 1866 casu
321 1802 445 1883 factam,
469 1803 525 1869 sed
547 1805 586 1869 ad
607 1817 725 1872 certam
740 1809 894 1875 rationem
909 1810 1105 1877 referendam
1122 1833 1192 1875 esse
1206 1809 1286 1874 mihi
1300 1811 1472 1896 persuasi.

232 1902 316 1989 quod
337 1927 376 1970 ne
398 1916 515 1972 temere
538 1931 557 1973 a
578 1932 628 1974 me
650 1909 768 1975 dictum
790 1921 890 1998 putes,
913 1911 971 1977 hos
995 1914 1116 1978 subicio
1137 1913 1234 1979 locos.

232 2041 368 2117 Elogium
390 2043 509 2102 Romuli
528 2043 560 2104 C.
576 2045 604 2104 J.
619 2046 653 2104 L.
674 2046 698 2118 Ι,
721 2066 749 2122 p.
761 2047 817 2106 283
1005 2060 1079 2108 auct.
1101 2050 1135 2108 de
1157 2049 1210 2107 vir.
1231 2049 1272 2106 ill.
1292 2049 1322 2107 11

538 2140 617 2193 Orelli
648 2142 669 2205 1,
690 2159 714 2195 n.
734 2147 784 2194 534

638 2227 671 2290 11,
691 2244 714 2279 n.
735 2231 801 2282 5053

232 2358 270 2370 ν
290 2327 375 2403 isque
395 2328 505 2403 primus
527 2328 670 2386 duxduce
690 2330 818 2389 hostium
869 2363 907 2374 -
939 2349 974 2388 ac
1004 2330 1106 2388 ducem
1135 2331 1281 2390 Acronem
1312 2330 1466 2406 singulari

233 2421 350 2478 Acrone
381 2440 448 2497 rege
481 2422 705 2481 Caeninensium
729 2423 819 2483 inter·
870 2424 1028 2482 certamine
1047 2411 1161 2484 devicit.
1193 2425 1313 2499 spolia
1333 2425 1466 2501 opima

232 2515 310 2572 fecto
341 2515 461 2590 spolia
491 2517 611 2593 opima
640 2517 729 2576 Jovi
762 2518 819 2576 Fe·
871 2519 956 2576 Jovi
978 2518 1145 2577 Feretrio
1166 2519 1194 2576 in
1210 2517 1357 2595 Capitolio
1379 2537 1463 2575 con-

234 2609 351 2667 retrio
382 2611 613 2670 consecravit
719 2630 819 2687 recep·
871 2613 1048 2671 secrevit.
1070 2658 1077 2671 .
1099 2657 1105 2671 .
1128 2613 1189 2688 ipse
1209 2631 1263 2689 pro
1284 2612 1338 2669 deo
1359 2612 1463 2670 cultus

233 2710 339 2780 tueque
364 2704 395 2762 in
421 2704 539 2762 deorum
569 2724 720 2764 numerum
747 2704 819 2780 Qui
871 2713 900 2765 et
920 2707 1060 2782 Quirinus
1080 2717 1125 2764 est
1145 2707 1318 2782 appellatus.

190 2838 192 2842 -
233 2799 290 2857 rini
310 2799 426 2858 nomine
446 2798 612 2876 appellatus
632 2808 685 2860 est.

235 2945 320 3022 Elog.
342 2945 434 3022 Appii
446 2943 535 3006 Caeci
550 2944 583 3004 Ο.
596 2944 624 3003 J.
637 2945 672 3005 L.
683 2945 707 3014 I,
721 2963 750 3021 p.
763 2944 818 3004 287
954 2961 1029 3004 auct.
1050 2948 1087 3006 de
1106 2947 1161 3008 vir.
1183 2946 1223 3005 ill.
1244 2946 1374 3005 XXXIV

553 3041 633 3096 Orelli
652 3040 671 3103 I,
691 3057 716 3094 n.
735 3044 784 3093 539

321 3477 369 3544 De
391 3477 517 3545 Sabinis
539 3487 646 3544 tacent
667 3479 763 3545 ceteri
785 3501 895 3545 omnes
918 3487 1070 3545 auctores.

492 3614 565 3676 Ibid.
1129 3615 1201 3677 lbid.

277 3726 377 3786 Viam
428 3728 557 3803 Appiam
601 3730 737 3790 stravit
786 3736 822 3788 et
910 3729 1011 3786 Viam
1032 3730 1136 3804 [usque
1150 3728 1358 3803 Brundusium]
1380 3727 1458 3805 lapi-

238 3842 364 3901 aquam
386 3824 418 3882 in
441 3823 562 3881 urbem
582 3823 742 3883 adduxit.
873 3822 958 3882 dibus
994 3824 1145 3894 stravit,
1179 3842 1304 3899 aquarn
1422 3823 1457 3879 iu

873 3918 993 3976 urbem
1014 3917 1169 3976 induxit.

238 4065 322 4142 Elog.
345 4063 380 4140 Q
400 4064 482 4123 Fabii
503 4062 623 4200 Mpgrgimi
644 4062 676 4124 O.
693 4062 721 4120 J.
743 4062 778 4122 L.
797 4062 821 4136 I,
970 4073 1047 4122 auct.
1068 4064 1104 4122 de
1124 4064 1176 4124 vir.
1199 4064 1238 4122 ill.
1260 4063 1366 4122 XLIII

479 4160 508 4218 p.

555 4236 636 4289 Orelli
654 4236 673 4296 1,
693 4250 719 4288 n.
739 4239 784 4288 541

239 4338 393 4416 -primo
414 4340 568 4399 consulatu
589 4339 713 4416 Ligures
739 4339 823 4396 subc·
913 4337 1023 4397 Consul
1054 4338 1089 4395 de
1109 4337 1268 4414 Liguribus
1298 4337 1454 4414 triumpha-

239 4431 282 4510 git
301 4432 338 4490 de
358 4433 400 4492 eis
426 4434 674 4513 triumphavit-
695 4433 822 4493 Minucio
875 4435 971 4494 vit...
993 4431 1152 4492 Minucium
1175 4430 1350 4509 magistrum
1375 4431 1456 4509 equi·

1582 3017 1585 3140 l

277 3143 436 3221 Complura
455 3143 564 3220 oppida
584 3143 619 3201 de
640 3141 821 3203 Samnitibus
910 3152 1076 3225 Sabinos,
1110 3153 1276 3228 Samnitas,
1316 3153 1460 3212 Etruscos
1582 3209 1584 3229 0

237 3237 321 3315 cepit,
353 3237 569 3298 Sabinorum
599 3247 628 3295 et
655 3236 820 3296 Tuscorum
871 3247 948 3306 bello
969 3247 1089 3307 domuit.

237 3331 398 3392 exercitum
417 3332 504 3392 fudit.
