3218 5174
671 1251 782 1342 Pars
815 1253 846 1341 l.

334 1419 596 1512 [letantibus
628 1422 714 1515 libri
747 1424 796 1515 de
829 1425 900 1517 vir.
936 1423 988 1514 ill.
1022 1423 1178 1540 scripti.

599 1625 601 1630 ·
671 1595 791 1694 Caput-
817 1597 844 1668 Ι.

232 1747 269 1810 Β.
293 1744 542 1830 Borghesius
564 1746 683 1830 primus
706 1745 745 1810 de
768 1745 909 1810 fontibus
935 1745 1009 1810 libri
1033 1745 1071 1811 de
1099 1746 1155 1811 vir.
1183 1747 1226 1813 ill.
1255 1747 1363 1836 dispu-

147 1849 227 1912 tavit
249 1845 375 1928 (Giom.
399 1844 516 1910 Arcad.
542 1846 673 1928 18191,
696 1870 725 1934 p.
750 1847 929 1934 62=Opp
953 1846 1014 1928 ΙΙΙ,
1038 1871 1068 1933 p.
1093 1849 1146 1924 10)
1170 1849 1364 1936 coniecitque

147 1972 217 2014 eum
242 1947 281 2011 ad
303 1947 358 2011 illa
380 1947 483 2032 elogia
503 1945 703 2012 referendum
718 1971 796 2028 esse,
821 1971 900 2034 quae
917 1949 1028 2012 statuis
1043 1949 1180 2014 virorum
1195 1949 1361 2013 illustrium

146 2051 180 2114 in
208 2048 276 2113 foro
310 2072 366 2114 suo
400 2048 560 2113 collocatis
587 2051 752 2134 Augustus
784 2049 977 2137 subscripsit.
1023 2073 1119 2135 quarn
1152 2051 1360 2115 coniecturam

147 2151 316 2215 Bunsenus
350 2149 524 2236 (Descript.
560 2151 648 2215 urbis
684 2153 800 2216 Romae
822 2151 908 2231 111²,
942 2175 972 2237 p.
998 2151 1073 2234 151)
1107 2163 1138 2216 et
1170 2151 1364 2216 Niebuhrius

148 2251 207 2336 (H.
220 2252 258 2316 R.
272 2251 315 2332 ΙΙ,
337 2275 368 2337 p.
382 2252 443 2315 518
456 2275 484 2314 n.
502 2251 549 2330 13,
574 2251 634 2334 Ill,
658 2277 687 2340 p.
706 2256 745 2317 77
766 2278 796 2316 n.
816 2255 892 2333 122)
916 2253 1137 2339 probaverunt,
1162 2251 1362 2318 Cardinalius

147 2355 269 2436 (Iscriz.
292 2352 387 2417 Velit.
411 2377 440 2439 p.
465 2353 520 2436 78)
543 2362 657 2434 autern,
682 2353 793 2440 Meyer
816 2353 980 2436 (Zeitschr.
997 2352 1048 2418 1111
1063 2353 1299 2420 Alterthumsw.
1318 2354 1359 2435 ll,

148 2458 228 2522 1835
253 2480 281 2542 p.
307 2454 421 2535 1044),
450 2452 573 2518 Becker
595 2455 675 2537 (ant.
698 2455 788 2520 Rom.
812 2454 838 2536 1,
862 2479 892 2542 p.
917 2457 957 2520 56
979 2479 1009 2518 11.
1034 2457 1100 2535 96),
1127 2455 1243 2520 Zellius
1269 2456 1362 2541 (elog.

146 2559 237 2624 Rom.
260 2581 291 2644 p.
314 2555 385 2640 41),
414 2554 629 2620 Mommsenus
658 2555 709 2640 (G.
733 2557 764 2622 J.
789 2557 825 2620 L.
849 2557 866 2621 l
888 2581 917 2644 p.
941 2556 1022 2639 282)
1048 2555 1280 2637 refutaverunt,
1315 2557 1364 2622 his

145 2659 343 2747 potissimum
364 2657 412 2720 usi
435 2659 643 2742 argumentis,
673 2657 756 2746 quod
780 2668 888 2722 auctor
910 2668 1017 2723 noster
1040 2670 1070 2722 et
1092 2657 1250 2722 interdum
1277 2683 1361 2725 erro-

146 2762 232 2825 ribus
259 2759 417 2823 laberetur
446 2769 476 2821 et
497 2759 666 2824 multorum
697 2763 835 2825 virorum
858 2761 1068 2824 Romanorum
1104 2760 1273 2846 populique
1297 2761 1361 2825 Ro·

145 2862 232 2928 mani
253 2859 391 2925 hostium
407 2858 489 2922 vitas
506 2858 705 2942 describeret,
729 2885 862 2947 quorum
877 2871 997 2926 statuas
1013 2861 1053 2925 ab
1069 2861 1216 2946 Augusto
1232 2862 1362 2926 minime

146 2965 265 3053 positas
288 2983 357 3027 esse
380 2982 478 3023 nemo
495 2972 633 3045 negaret.
678 2975 770 3048 atque
793 2962 935 3048 quamvis
957 2962 1040 3028 hanc
1064 2962 1199 3025 virorum
1217 2960 1360 3026 doctissi-

145 3089 267 3130 morum
289 3062 477 3127 sententiam
499 3083 622 3147 sequar,
649 3065 795 3150 quoniam
819 3063 949 3129 dubium
971 3085 1040 3128 esse
1062 3086 1125 3126 non
1147 3073 1261 3148 potest,
1285 3064 1359 3150 quin

144 3189 245 3253 neque
267 3163 379 3228 Manlii
403 3161 573 3250 Capitolini
595 3187 697 3248 neque
721 3163 935 3230 Gracchorum
957 3187 1059 3250 neque
1076 3163 1235 3228 Fimbriae
1258 3188 1359 3251 neque

145 3265 307 3334 Saturnini
340 3287 441 3349 neque
473 3264 519 3330 M.
546 3264 638 3329 Bruti
670 3288 772 3350 nequo
806 3264 843 3331 C.
874 3265 978 3330 Cassii
1009 3289 1111 3352 neque
1144 3264 1190 3330 M.
1225 3266 1357 3329 Antonii

142 3391 245 3453 neque
267 3365 381 3451 Pyrrhi
408 3389 509 3454 neque
533 3366 722 3432 Hannibalis
750 3388 852 3451 neque
883 3365 1014 3430 Viriathi
1041 3389 1142 3452 neque
1164 3365 1358 3430 Mithridatis

143 3479 264 3535 statuae
286 3468 319 3531 in
342 3467 410 3532 foro
435 3467 627 3548 exstiterint,
654 3477 759 3534 tamen
787 3491 854 3531 rem
884 3468 1006 3553 penitus
1027 3477 1239 3554 perscrutatus
1262 3469 1355 3532 aliam

143 3572 224 3636 inter
247 3569 350 3655 elogia
373 3580 404 3635 et
426 3581 582 3635 auctorem
607 3569 645 3634 de
667 3569 725 3634 vir.
748 3568 792 3632 ill.
816 3569 1009 3634 intercedere
1026 3569 1178 3634 rationem
1194 3568 1273 3632 mihi
1287 3592 1359 3656 per·

145 3673 239 3738 suasi.
264 3671 319 3735 sed
342 3671 401 3736 hac
424 3671 518 3736 dere
541 3673 601 3736 alio
624 3671 692 3736 loco
715 3670 869 3756 copiosius
891 3680 1018 3736 acturus
1041 3694 1119 3735 sum.

225 3772 268 3838 H.
292 3772 423 3859 Meyer
450 3773 643 3856 (Zimmerm.
674 3772 824 3837 Zeitschr.
852 3758 910 3836 fiir*
932 3772 1168 3836 Alterthumsw.
1191 3770 1234 3852 ΙΙ,
1265 3771 1354 3854 1835,

141 3901 171 3963 p.
196 3876 292 3958 1043)
324 3875 439 3939 librum
467 3884 608 3940 nostrum
636 3883 746 3960 quarto
778 3872 830 3937 vel
864 3874 971 3958 quinto
1001 3873 1122 3938 decimo
1156 3872 1280 3937 saeculo
1318 3895 1358 3936 ex

143 3977 300 4041 nonnullis
324 3975 513 4055 auctoribus
547 3975 714 4061 praecipue
737 3997 777 4038 ex
802 3973 895 4038 Livio
917 3974 1124 4062 compositum
1148 3996 1216 4038 esse
1240 3986 1354 4041 censet.

141 4078 298 4165 quamde
323 4086 433 4158 aetate,
467 4099 528 4163 qua
551 4075 684 4162 scriptus
707 4075 747 4138 sit
775 4073 856 4138 liber
882 4085 997 4155 noster,
1032 4077 1253 4155 coniecturam,
1288 4075 1356 4160 qui-

141 4166 263 4266 cunque
284 4201 350 4243 rem
374 4178 555 4264 diligentius
576 4174 782 4262 inquisiverit,
810 4199 850 4240 ue
872 4176 1055 4242 refutatione
1078 4176 1206 4262 quidem
1228 4176 1353 4262 dignam

141 4280 264 4364 putabit
286 4302 364 4346 esse.
409 4279 448 4344 de
470 4278 563 4343 Livio
585 4287 690 4342 autern
712 4299 785 4340 cum
805 4276 889 4341 infra
911 4277 1073 4358 disseram,
1104 4277 1163 4342 hoc
1185 4277 1254 4342 loco
1278 4278 1355 4343 satis

139 4382 243 4447 habeo
276 4380 411 4445 similem
443 4380 654 4444 coniecturam
688 4377 806 4448 afferre.
873 4377 1031 4443 Ulricus
1065 4378 1145 4442 eninr
1181 4379 1352 4444 Kochler
