3258 5186
728 459 930 554 *1⁰ss

610 658 742 724 Codex
765 659 1044 727 Bruxellensis.

225 776 310 860 aegit
426 776 562 843 duceret.
586 777 722 862 Regium
858 780 969 866 caepit.
994 779 1106 865 anue
1128 778 1317 862 legationem
1339 775 1372 840 in

225 877 365 963 bprelio
453 880 592 966 accaepit
678 881 755 968 petit
777 880 888 968 hisque

310 1356 523 1440 caaxxxvttt,
546 1361 560 1420 1
578 1382 657 1424 neus
680 1361 803 1444 [priam
819 1361 918 1424 littera
936 1360 1008 1442 orn.]
1032 1357 1176 1422 Duellius
1241 1357 1274 1421 in
1296 1356 1376 1420 mari

227 1459 359 1522 classem
383 1459 518 1524 validam
538 1459 704 1526 fabrefecit
822 1485 894 1525 eum
916 1461 980 1525 risu
1103 1458 1246 1523 iust'tuit.
1272 1459 1324 1524 Sic
1345 1458 1442 1522 inter-

224 1559 430 1647 pugnandum
459 1560 595 1626 hostium
622 1585 719 1628 naves
745 1563 876 1647 triginta
905 1561 1120 1649 apprehendit,
1154 1559 1306 1625 tredecim
1332 1560 1442 1623 mersit

225 1665 278 1747 qui
302 1661 377 1727 vieti
399 1672 431 1724 et
453 1663 546 1748 capti.
580 1662 720 1729 Himilco
842 1664 1006 1748 3aulugit
1126 1685 1160 1727 re
1182 1661 1265 1726 male
1287 1671 1377 1746 gesta

227 1772 245 1826 4
271 1763 398 1827 Duellio
483 1762 621 1849 tybioine

315 2035 384 2117 Cap.
406 2035 518 2115 ΧΧΧΙΧ,
543 2038 556 2096 1
583 2035 751 2100 adversum
773 2034 1040 2120 Carthagnienses
1172 2059 1212 2100 ex
1232 2033 1379 2098 maximis

228 2135 339 2201 Herna
447 2135 588 2200 deiaeoit
621 2136 825 2202 Panorminm
847 2138 949 2223 caepit
971 2147 1130 2222 totamque
1237 2135 1338 2199 2sub
1364 2133 1444 2198 duce

289 2237 372 2301 ‘aad
396 2235 576 2323 Cathynam
599 2238 638 2302 ab
711 2239 958 2325 =Calphurnius
1054 2238 1200 2302 inventus
1222 2247 1278 2302 est.
1303 2235 1443 2302 Senatus

229 2338 317 2422 [aiei]
405 2339 579 2404 laetitios

314 2796 384 2879 Gap.
406 2797 459 2878 ΧΙ.,
481 2795 656 2882 Aphricam
681 2797 737 2879 [eie
759 2796 944 2877 constanter]
1050 2792 1201 2857 traiaecit.
1224 2792 1274 2858 Ea
1296 2810 1446 2880 quassata

293 2897 405 2984 caepit,
428 2899 521 2984 opida
587 2898 669 2985 cepit
690 2919 747 2962 om.
814 2897 916 2961 ‘icius
932 2894 1100 2980 liberisque
1164 2894 1317 2983 Xantippi
1381 2896 1446 2960 lsi

228 3001 430 3086 impetrasset
452 3002 509 3064 ita:
535 3001 657 3066 demum
681 3022 745 3062 non
766 2997 882 3062 rediret
961 2997 1146 3081 reiectisque
1169 2999 1209 3061 ab
1233 2998 1380 3085 amplexu

227 3126 387 3186 regressus
411 3114 459 3166 est
544 3103 672 3168 archam
759 3101 845 3181 actia,
870 3099 986 3184 vigiliis

315 3475 383 3558 Cap.
404 3475 470 3555 ΧΙ.Ι,
493 3477 509 3536 1
536 3473 672 3554 Quintus
694 3472 839 3537 Lutatius
968 3483 998 3536 et
1020 3473 1245 3538 commeatibus
1365 3473 1446 3538 duce

228 3574 387 3640 Hannone
410 3575 492 3662 apud
517 3575 643 3660 Egadus
765 3573 986 3660 aparentibus
1009 3574 1192 3640 condicione
1214 3574 1269 3639 tali
1292 3575 1448 3640 concessit

231 3688 264 3740 ut
350 3678 481 3742 caeteris
496 3676 578 3742 inter
662 3674 897 3763 Aphrioamque
995 3677 1035 3741 ab
1052 3675 1209 3762 Hispania
1224 3677 1302 3741 citra
1317 3677 1446 3743 Iberum

315 3948 678 4031 cap.xttt,1undeoim
694 3971 793 4012 anuos
879 3958 1001 4012 amotus
1081 3947 1265 4013 3traiaecit.
1300 3949 1445 4014 Publium

293 4053 314 4114 4
337 4049 482 4134 Longum
505 4049 587 4137 apud
611 4049 794 4115 Cremeram
815 4048 944 4113 fluvium
960 4049 1043 4134 apud
1060 4049 1275 4114 Trasimenum
1364 4050 1382 4114 5
1400 4050 1447 4115 di·

229 4153 323 4218 vertit
381 4153 399 4214 6
414 4164 517 4216 castra
528 4152 680 4238 potuisset
691 4152 932 4238 tempestatibus
945 4151 1054 4235 pulsus
1117 4151 1258 4216 Maximo
1270 4151 1388 4217 fractus
1400 4166 1448 4218 est

230 4254 301 4319 dein
387 4265 417 4317 et
439 4276 511 4318 eum
533 4253 655 4318 hostem
739 4274 846 4336 regem
869 4251 1039 4338 Bithyniae
1125 4253 1240 4340 petitus
1263 4276 1319 4340 per
1341 4254 1446 4318 Titum

232 4354 397 4436 Quintium
408 4354 606 4419 Fluminenm
624 4378 663 4418 ne
677 4354 828 4418 Romanis
839 4354 1016 4419 traderetur
1028 4353 1140 4418 hausto
1153 4353 1238 4438 quod
1252 4357 1310 4420 sub
1323 4377 1448 4439 gemma
