3258 5186
820 390 860 454 68

242 595 330 656 ovio.
352 579 433 655 nist.
456 595 510 669 1v,
531 595 586 654 ser
609 613 672 670 sqq.
693 613 722 670 p.
737 593 794 652 soa
978 599 1053 652 auct.
1075 595 1111 652 oe
1130 594 1184 653 nr.
1205 594 1247 654 su.
1268 594 1294 666 1,
1316 595 1335 652 4

433 690 479 750 ed.
501 690 609 748 Merak.

268 801 333 860 Hoc
354 799 440 859 Celer
459 812 541 878 urget
561 819 634 877 opus
654 817 740 876 quem
753 799 815 857 Ro·
906 799 1074 875 [Romulus]
1093 797 1196 871 edixit,
1218 799 1360 876 nequis
1382 799 1457 856 val-

230 894 326 952 mulue
353 895 416 970 ipse
441 900 560 953 vocarat
584 892 709 970 Sintque
729 893 816 952 Celer
866 892 932 950 lum
964 891 1203 962 transsiliret,
1234 893 1312 969 quod
1342 893 1457 951 Remus

231 1008 331 1062 curae,
366 989 497 1061 dixerat,
531 989 589 1046 iste
619 997 685 1046 tuae
715 987 814 1047 Neve
864 987 1017 1046 irridens
1042 986 1231 1044 transiluit
1255 994 1285 1045 et
1310 1007 1327 1044 a
1349 986 1456 1045 Celere

231 1083 311 1159 quis
331 1089 384 1141 aut
404 1101 503 1141 muros
524 1093 574 1140 aut
604 1083 740 1141 factam
759 1101 814 1140 vo·
866 1079 1034 1140 centurione
1054 1090 1174 1138 rastro
1187 1079 1211 1156 ¹)
1224 1080 1318 1139 fertur
1332 1081 1458 1140 occisus.

231 1197 323 1236 mere
354 1177 493 1236 fossam
527 1177 756 1235 Transeat..
779 1221 815 1236 ..

232 1272 318 1347 Quod
359 1272 470 1330 Remus
513 1271 652 1350 ignorans
692 1269 816 1328 humiles

232 1377 455 1425 contemnere
492 1385 590 1424 muros
628 1363 691 1422 Nec
734 1383 818 1421 mora

232 1460 438 1533 transiluit,
458 1465 577 1518 rastro
598 1458 684 1516 Celer
696 1468 818 1534 occupat

232 1572 344 1612 ausum.

321 1715 429 1802 Atque
451 1739 491 1780 ex
514 1714 631 1781 Ovidio
653 1715 855 1802 Hyginuml)
878 1736 936 1779 sna
957 1713 1084 1779 minime
1106 1715 1280 1801 sumpsisse
1300 1715 1376 1780 inde
1398 1739 1459 1802 pa·

233 1827 286 1899 tet,
311 1816 395 1903 quod
412 1816 558 1884 Celerem
580 1816 845 1882 centurionem
867 1826 960 1881 vocat
981 1815 1025 1900 [v.
1041 1815 1172 1900 Dionys
1189 1815 1232 1897 H,
1257 1818 1297 1881 13
1319 1842 1349 1905 p.
1368 1817 1458 1900 123]‚

235 1919 268 1984 id
290 1919 374 2007 quod
397 1916 482 2006 apud
504 1916 657 1983 Ovidium
680 1917 883 1985 desideratur.
926 1919 1063 2004 itemque
1087 1916 1221 1983 Ovidius
1247 1918 1308 1985 hoc
1330 1918 1460 1986 aliudve

233 2020 339 2104 tradit,
370 2018 455 2108 quod
477 2018 561 2107 apud
582 2021 734 2085 Nostrum
757 2019 854 2102 deest,
889 2043 986 2106 quare
1008 2043 1048 2085 ex
1069 2018 1201 2106 Hygino
1222 2020 1292 2107 ipso
1318 2015 1460 2106 pendere

235 2145 299 2187 non
320 2131 434 2208 potest,
462 2120 559 2185 immo
582 2121 622 2186 ad
645 2120 778 2187 eundem
806 2120 926 2187 fontem
952 2130 1085 2207 uterque
1111 2120 1294 2186 referendus
1322 2131 1379 2186 est.
1427 2131 1460 2188 et

235 2223 382 2309 quoniam
418 2231 541 2287 constat
577 2223 784 2310 praecipuum
821 2222 990 2287 Fastorum
1028 2222 1139 2288 ducem
1173 2221 1348 2289 Varronem
1388 2246 1460 2290 esse

235 2337 328 2410 atque
350 2323 485 2390 eandem
508 2323 681 2390 versionem
704 2323 893 2389 Plutarchus
918 2323 960 2408 [v.
977 2324 1069 2390 Rom.
1085 2325 1129 2406 X,
1152 2347 1182 2412 p.
1199 2324 1303 2410 27³)J,
1326 2321 1460 2390 Servius

238 2425 290 2509 [ad
321 2425 404 2489 Aen.
427 2423 488 2506 XI,
518 2425 580 2489 603
608 2447 638 2510 p.
654 2427 695 2490 43
718 2426 766 2492 ed.
795 2425 918 2510 Inon.],
946 2425 1064 2492 Paulus
1093 2428 1130 2509 [s.
1158 2450 1187 2492 v.
1211 2424 1341 2492 Celeres
1367 2447 1399 2513 p.
1416 2425 1459 2490 55

235 2527 341 2608 Msrll]
364 2525 514 2608 habeant,
548 2549 627 2613 quos
659 2526 796 2593 Varroni
828 2527 879 2593 vel
912 2529 978 2592 eius
1012 2527 1139 2593 asseclis
1172 2526 1308 2612 plurima
1341 2525 1460 2592 dehere

236 2651 330 2693 nemo
352 2637 457 2713 negat,
480 2649 550 2692 cum
573 2627 712 2696 maxima
738 2629 960 2716 probabilitate
987 2630 1070 2695 hano
1098 2653 1167 2695 rem
1191 2627 1360 2710 Varroni⁴)
1388 2628 1460 2694 vin-

238 2729 344 2796 dicare
366 2728 442 2793 mihi
465 2728 582 2796 videor.

311 3005 336 3070 1)
354 3004 394 3056 115
412 3019 473 3055 cum
492 3000 566 3054 codd.
584 3001 624 3065 B,
643 3000 682 3065 L,
701 3001 744 3066 V,
763 3003 804 3066 A,
828 3001 886 3055 aliis
906 3004 943 3068 [v.
962 3001 1145 3057 Schroeterum
1164 3000 1239 3054 adh.
1259 3002 1287 3068 1.]
1315 3003 1343 3056 iu
1366 3011 1461 3058 nostro

240 3089 304 3140 libro
324 3088 490 3142 scribendum
509 3091 558 3140 est.
577 3091 604 3140 et
623 3087 691 3155 quod
711 3087 780 3154 apud
800 3087 923 3140 Ovidium
941 3103 1045 3158 quoque
1065 3087 1187 3140 nonnulli
1209 3088 1313 3141 codices
1332 3088 1461 3142 exhibent

241 3177 353 3238 ,rastro“
377 3175 413 3240 [u.
432 3173 601 3227 Merclrelium
620 3172 653 3224 ad
671 3171 695 3224 h.
714 3172 753 3238 l.],
771 3173 839 3225 hanc
857 3175 1014 3242 scripturam
1032 3177 1060 3227 in
1080 3177 1183 3226 textum
1200 3175 1294 3241 recepi.

308 3263 334 3324 t)
353 3260 392 3327 ld,
410 3260 479 3329 quod
498 3276 543 3328 per
565 3275 594 3310 se
615 3257 758 3310 verisimile
784 3261 831 3321 est,
855 3259 980 3327 quoniam
1003 3263 1070 3313 teste
1095 3261 1223 3314 Suetonio
1249 3261 1286 3328 [p.
1302 3264 1350 3314 115
1369 3259 1458 3326 aeis]

240 3344 363 3414 Hyginus
388 3345 481 3398 Ovidio
503 3343 725 3396 familiarissimus
750 3347 807 3396 erat
830 3360 855 3396 v.
880 3343 1008 3398 Bantium
1032 3347 1063 3399 de
1087 3346 1114 3402 O.
1139 3346 1205 3399 Julii
1222 3345 1321 3413 Hygini
1340 3385 1373 3398 ..
1404 3346 1460 3399 vita

240 3434 289 3484 cet.
308 3436 361 3499 p.7
379 3447 435 3500 sqq.

310 3520 336 3581 3)
354 3516 433 3569 Peter
450 3513 499 3580 [De
518 3512 636 3566 fontibus
655 3512 787 3566 Plutarchi
807 3518 856 3566 cet.
878 3530 904 3582 p.
920 3517 978 3581 153]
1005 3533 1018 3568 5
1039 3517 1142 3570 Valerio
1161 3517 1268 3570 Antiate
1286 3513 1460 3570 Plutarchum

241 3618 289 3654 sua
313 3599 431 3654 hausisse
456 3599 561 3652 conicit.
602 3615 694 3652 verum
718 3616 748 3652 eo
773 3601 934 3668 probabilius
959 3602 1022 3654 mihi
1045 3603 1150 3671 quidem
1177 3602 1283 3655 videtur
1308 3617 1366 3654 esse
1392 3619 1459 3671 quae

241 3685 399 3740 Plutarchus
417 3703 439 3740 c.
458 3686 484 3738 X
503 3689 613 3750 enarret,
632 3704 645 3739 e
665 3685 781 3739 Varrone
801 3687 924 3755 pendere,
942 3687 1003 3755 quia
1022 3703 1096 3757 capp.
1115 3689 1164 3756 Xl,
1186 3688 1240 3741 Xll
1259 3687 1328 3740 certe
1346 3688 1378 3740 ad
1396 3705 1459 3741 eum

241 3771 375 3825 referenda
385 3775 448 3824 sunt
459 3774 494 3836 (v.
504 3771 628 3824 Peterum
638 3770 655 3827 l.
665 3771 703 3836 l.).
737 3772 848 3824 fortasse
859 3772 939 3825 Varro
952 3773 1096 3840 Antiatem,
1110 3777 1140 3826 ut
1153 3790 1239 3841 saepe,
1250 3775 1369 3842 sequitur
1380 3773 1415 3842 [v.
1428 3773 1459 3829 L.

243 3858 418 3912 Metellinum
435 3855 474 3909 De
493 3856 615 3909 Varronis
636 3856 766 3909 tralaticio
783 3856 914 3909 scribendi
933 3874 1029 3926 genere
1048 3859 1223 3926 quaestiones,
1248 3859 1276 3912 in
1296 3859 1353 3914 lud.
1372 3858 1460 3914 Sahal.

243 3945 350 4011 Dorpat.
376 3948 441 3996 1858
466 3959 491 4012 p.
505 3948 532 4007 7,
559 3944 750 3996 Mommsenum
774 3941 882 4006 Quaest.
901 3943 975 3997 Rom.
994 3943 1148 4012 11‚p.195,
1172 3944 1297 3998 Poteram
1321 3949 1375 3998 vet.
1397 3943 1460 4000 hist.

242 4031 317 4083 Rom.
335 4030 382 4084 rel.
402 4045 426 4096 p.
440 4026 601 4093 atavum.

314 4119 340 4180 4)
357 4131 383 4167 v.
407 4112 466 4168 Ghr.
488 4113 664 4178 Huelsenum,
691 4111 870 4168 Varronianae
897 4113 1031 4167 doetrinae
1057 4129 1188 4183 quaenam
1214 4115 1242 4167 in
1269 4114 1357 4170 Ovidii
1385 4115 1460 4169 fastis

243 4201 356 4272 vestigia
375 4202 475 4254 extent.
494 4198 610 4252 Berolini
629 4204 695 4252 1880
712 4214 738 4267 p.
752 4203 775 4251 7.
810 4197 892 4252 Varro
911 4204 999 4253 autem
1017 4201 1077 4253 illas
1095 4200 1198 4253 fabulas
1216 4200 1244 4253 in
1261 4215 1291 4252 eo
1310 4201 1376 4253 libro
1394 4205 1460 4255 trae·

245 4289 341 4341 tarisse
365 4286 478 4349 videtur,
503 4301 554 4354 quo
580 4288 649 4339 teste
673 4284 836 4349 Quintiliano
861 4286 936 4352 [inst.
955 4292 1020 4340 orat.
1038 4286 1059 4350 1,
1078 4289 1101 4348 6,
1128 4289 1158 4337 12
1182 4300 1206 4353 p.
1220 4288 1252 4338 33
1276 4284 1316 4338 ed.
1340 4285 1461 4341 Bonnell.

243 4389 269 4428 v.
286 4372 320 4425 Η.
338 4371 497 4428 Kettnerurn
515 4368 607 4428 Studia
625 4370 700 4428 Rom.
719 4369 801 4438 Helie,
823 4375 888 4425 1885
906 4389 932 4446 p.
946 4373 990 4440 56]
1007 4370 1085 4429 initia
1102 4369 1174 4426 urbis
1192 4373 1334 4427 caenavit.
