3218 5174
758 419 798 482 39

678 507 882 516 ---,-

167 622 360 698 imperium
382 642 447 680 cum
467 623 616 680 dictatoris
635 622 756 697 imperio
809 620 902 679 clusit.
961 617 1086 675 Marium
1120 617 1266 677 Statilium
1298 621 1392 674 trans·

168 727 391 792 aequaverat
424 727 452 774 et
483 717 622 775 exercitui
655 717 755 793 profli-
808 714 906 790 fugere
940 713 979 770 ad
1009 713 1107 770 hostes
1139 712 1283 768 volentem
1317 730 1392 786 equo

168 823 238 888 gato
260 812 432 868 subvenit
463 817 492 868 et
523 832 556 870 eo
581 811 697 868 nomine
717 813 754 869 ab
807 817 835 866 et
856 807 945 865 armis
965 808 1080 864 donatis
1094 807 1213 864 retinuit
1234 811 1264 862 et
1276 805 1394 862 Lucano

171 904 297 962 exercitu
315 905 481 961 Minuciano
492 911 576 981 pater
590 905 756 981 appellatus
808 903 922 959 cuidam
943 901 1103 959 fortissimo
1124 902 1162 957 ob
1182 919 1310 958 amorem
1332 919 1394 956 mu-

170 1009 223 1056 est.
275 997 383 1056 Consul
419 998 443 1053 V
477 999 637 1056 Tarentum
671 1000 756 1074 cepit,
808 996 886 1053 lieris
911 996 1084 1072 infrequenti
1111 995 1232 1052 eandem
1266 1000 1394 1069 emptam

172 1093 374 1167 triumphavit.
406 1093 466 1150 dux
487 1093 591 1150 aetatis
607 1111 676 1150 suae
690 1113 757 1150 cau·
808 1092 884 1147 donn
906 1091 992 1148 dedit.
1025 1090 1186 1146 Tarentum
1209 1091 1245 1147 ab
1259 1089 1392 1145 hostibus

170 1187 303 1245 tissimus
325 1193 353 1243 et
377 1188 419 1243 rei
450 1188 584 1244 militaris
615 1188 757 1263 peritissi-
809 1185 927 1260 recepit,
943 1183 1077 1241 Herculis
1094 1183 1395 1259 signamindetrans-

172 1301 238 1340 mus
261 1283 376 1340 habitus
398 1292 449 1340 est.
489 1282 627 1356 princeps
653 1283 682 1338 in
714 1301 758 1338 se·
809 1278 900 1335 latum
931 1279 960 1335 in
987 1277 1134 1353 Capitolio
1165 1276 1318 1336 dedicavit.
1360 1276 1396 1333 de

172 1383 274 1435 natum
298 1377 409 1436 duobus
429 1376 529 1433 lustris
549 1375 642 1433 lectus
663 1382 715 1433 est.
809 1373 1009 1448 redemptione
1030 1372 1211 1447 captivorum
1227 1389 1291 1428 curn
1305 1369 1394 1427 hosti-

810 1467 864 1524 bus
886 1465 1007 1543 pepigit,
1038 1467 1115 1540 quod
1136 1472 1253 1542 pactum
1285 1483 1350 1521 cum
1378 1483 1396 1522 a

809 1567 911 1618 senatu
931 1561 1144 1635 improbaretur
1164 1559 1285 1618 fundum
1312 1576 1395 1615 suum

809 1655 943 1713 ducentis
964 1654 1091 1712 millibus
1111 1654 1244 1712 vendidit
1270 1662 1298 1710 et
1328 1652 1396 1710 fidei

809 1750 959 1810 satisfecit.

259 1917 416 1978 Auctores
438 1913 533 1998 igitur
555 1935 624 1977 cum
647 1914 687 1978 ad
709 1915 842 1978 verbum
864 1915 929 1978 fere
946 1916 1110 1979 concinere
1126 1926 1192 1978 tum
1208 1937 1263 2000 per
1277 1921 1395 1978 totam

177 2017 277 2082 vitam
306 2016 478 2080 simillimos
507 2015 673 2102 procedere
701 2040 765 2080 non
794 2033 841 2081 est
869 2017 952 2102 quod
980 2016 1150 2081 ostendam.
1196 2039 1301 2080 verum
1326 2037 1396 2079 cum

176 2117 327 2182 nonnulla
343 2141 361 2180 a
376 2118 492 2180 Nostro
512 2129 703 2197 enarrentur,
728 2119 855 2204 quaein
871 2120 971 2203 elogio
986 2143 1047 2182 non
1063 2119 1219 2202 leguntur,
1243 2117 1284 2180 ad
1298 2116 1328 2179 id
1347 2140 1396 2181 so·

176 2221 243 2284 lum
263 2217 371 2283 referri
385 2242 449 2282 non
465 2228 575 2306 potest.
612 2229 763 2283 attamen
785 2243 830 2300 ea,
855 2243 934 2305 quae
957 2231 1065 2286 auctor
1089 2222 1127 2285 de
1149 2221 1205 2285 vir.
1230 2219 1271 2284 ill.
1296 2218 1396 2303 elogio

178 2323 274 2403 addit,
304 2344 369 2384 non
396 2320 521 2384 aliunde
548 2321 646 2406 petita
673 2343 750 2401 esse,
786 2321 839 2385 sed
866 2322 900 2385 in
924 2323 993 2408 ipso
1021 2323 1075 2387 illo
1098 2322 1193 2402 fonte,
1227 2321 1310 2385 unde
1332 2330 1398 2384 tota

179 2424 323 2488 fluxisset
345 2422 418 2502 vita,
448 2421 551 2485 locum
573 2421 721 2486 habuisse
744 2445 761 2486 e
783 2422 953 2488 Plutarcho
976 2434 1114 2513 apparet,
1138 2424 1192 2509 qui
1212 2425 1245 2487 in
1268 2425 1333 2488 vita
1356 2422 1396 2502 Q.

180 2525 272 2590 Fabii
296 2523 502 2588 describenda
525 2547 653 2609 prorsus
681 2523 792 2588 eodem
814 2547 852 2588 ac
873 2525 989 2590 Noster
1023 2525 1131 2590 ordine
1154 2548 1202 2589 res
1225 2527 1398 2610 exponat¹)

180 2638 273 2712 atque
282 2623 452 2705 omniailla,
461 2634 495 2688 ut
506 2624 550 2688 ita
563 2625 674 2705 dicam,
682 2625 723 2688 ad
735 2626 1094 2710 elogiumadditamcnta
1105 2650 1165 2690 non
1178 2626 1273 2691 modo
1284 2626 1399 2707 tradat,

181 2753 286 2795 verum
306 2728 399 2791 etiam
421 2725 541 2796 eodem,
566 2749 627 2811 quo
643 2727 705 2807 illu,
728 2727 795 2791 loco
810 2729 923 2792 tradat.
956 2751 1051 2814 quare
1066 2751 1106 2792 ne
1122 2729 1256 2814 speciem
1272 2727 1400 2814 quidem

181 2827 464 2894 verisimilitudinis
493 2827 568 2890 mihi
592 2828 721 2892 'videtur
748 2828 864 2894 habere
891 2831 1044 2894 incertum
1069 2829 1153 2893 illum
1178 2840 1337 2894 auctorem
1360 2854 1399 2895 ex

181 2931 281 3016 elogio
304 2929 450 3016 pendere.
475 2929 530 2992 scd
554 2953 593 2992 ex
615 2930 718 3014 aliquo
741 2929 825 2995 fonte
849 2954 906 2994 sua
929 2933 1070 3016 sumpsit,
1099 2929 1152 2994 ubi
1174 2931 1287 3009 omnia,
1320 2954 1400 3016 quae

181 3044 295 3112 narrat,
319 3030 449 3094 invenit.
494 3029 601 3115 itaque
623 3033 715 3116 plane
746 3055 814 3095 curn
840 3033 914 3097 viris
937 3032 998 3096 illis
1022 3031 1211 3096 doctissimis
1240 3033 1400 3097 consentio

183 3145 275 3219 atque
300 3135 330 3195 in
353 3131 534 3196 universum
557 3155 638 3214 nego
662 3132 814 3196 Nostrum
837 3133 947 3218 elogiis
970 3135 1138 3220 quicquam
1157 3134 1280 3214 debere,
1303 3133 1399 3199 immo

182 3236 265 3300 illius
295 3247 357 3298 taur
388 3233 460 3296 miri
488 3255 658 3297 consensus
685 3256 807 3298 oausam
838 3257 907 3299 esse
933 3245 1018 3323 puto,
1048 3235 1130 3321 quod
1158 3235 1195 3315 is,
1224 3236 1277 3321 qui
1300 3235 1400 3318 elogia

184 3336 368 3424 composuit,
391 3335 481 3398 iuxta
503 3335 580 3398 alios
602 3337 760 3400 uberiores
782 3336 884 3400 fontes
907 3337 1038 3401 eundern
1055 3360 1149 3422 quem
1164 3347 1271 3400 auctor
1287 3335 1326 3400 de
1343 3338 1397 3401 vir.

181 3440 225 3504 ill.
251 3438 405 3504 adhibuit.
438 3447 469 3502 et
492 3438 637 3522 quoniam
660 3447 800 3501 nostrum
824 3437 938 3501 librum
961 3438 1001 3501 ad
1024 3437 1187 3524 Hyginum
1201 3439 1400 3502 referendum

182 3563 260 3622 esse,
283 3541 314 3603 ni
338 3538 436 3620 fallor,
466 3561 561 3624 supra
583 3537 714 3618 ostendi,
741 3539 828 3604 illam
855 3539 893 3604 de
920 3540 1029 3622 elogiis
1052 3539 1262 3603 coniecturam
1285 3563 1399 3626 capere

183 3666 218 3708 eo
254 3641 356 3705 minus
395 3639 516 3721 dubit0,
557 3642 629 3725 quia
656 3663 767 3724 perse
796 3640 1052 3704 verisimillimum
1081 3639 1158 3705 milri
1180 3639 1302 3705 videtur
1329 3663 1398 3706 esse

183 3756 338 3808 auctorem
366 3740 478 3805 horum
501 3740 708 3825 elogiorum2)
737 3741 847 3804 statuis
875 3741 1137 3828 subscriptorum,
1161 3741 1252 3805 modo
1275 3741 1398 3806 omissis

182 3844 348 3916 nonnullis,
381 3866 461 3928 quae
488 3842 578 3906 titulo
600 3842 767 3906 honorario
794 3843 954 3907 nonsatis
978 3853 1051 3930 apte
1073 3843 1282 3924 convenirent,
1306 3842 1399 3906 modo

184 3945 306 4026 additis,
331 3967 411 4030 quae
426 3943 499 4006 huic
520 3945 679 4030 proposito
699 3945 801 4029 magis
816 3945 1049 4030 responderent,
1073 3967 1125 4010 eos
1141 3945 1340 4032 potissimum
1362 3943 1400 4008 de

184 4049 258 4112 viris
290 4046 464 4110 illustribus
496 4045 595 4110 libros
627 4045 823 4127 adhibuisse,
859 4046 913 4130 qui
945 4047 1053 4132 paucis
1086 4048 1175 4111 annis
1209 4054 1282 4110 ante
1315 4047 1399 4110 foras

185 4148 249 4213 dati
271 4163 351 4212 sunt.

255 4337 278 4404 l)
296 4353 320 4388 v.
340 4336 476 4388 Saltavum
497 4336 528 4388 de
546 4335 664 4388 fontibus
683 4334 816 4387 Plutarchi
835 4341 883 4387 cet.
903 4353 928 4404 p.
942 4342 982 4390 70.

253 4425 281 4489 t)
299 4423 335 4474 De
355 4437 406 4491 quo
425 4438 449 4473 v.
471 4422 661 4474 Mommsenum
681 4419 709 4475 Ο.
729 4420 748 4472 Ι.
768 4420 797 4473 L.
818 4421 838 4486 l,
857 4438 882 4490 p.
897 4427 954 4478 282.
