3218 5174
794 363 836 430 40

652 635 693 702 tta
715 636 830 703 intorto
853 636 986 702 Maximo.

286 766 325 832 Iu
341 791 472 833 numero
487 767 656 834 illustrium
670 770 793 836 illorum
811 780 986 851 auctorum,
1002 794 1019 836 e
1034 770 1149 857 quibus
1159 769 1312 835 'Valerius
1324 769 1464 834 Maxi-

205 891 275 933 mus
304 870 409 951 „urbis
437 870 557 938 Romae
592 882 834 958 exterarumque
867 873 1009 958 gentium
1040 872 1124 937 facta
1153 872 1247 937 simul
1277 895 1315 937 ac
1346 871 1465 936 dicta

204 979 379 1036 memoratu
408 971 522 1058 digna“
553 975 753 1060 congesserit,
782 973 949 1060 Hyginum
975 997 1044 1040 esse
1067 973 1233 1061 Kempfius
1262 973 1308 1058 [in
1330 972 1458 1059 praef.

204 1069 247 1135 ad
269 1070 340 1139 Val.
364 1072 453 1140 Max.
476 1097 508 1161 p.
532 1076 585 1158 21]
607 1075 782 1142 rectissime
805 1076 913 1141 statuit
953 1075 1033 1141 haec
1055 1086 1159 1141 autem
1181 1073 1261 1139 mihi
1284 1073 1461 1140 ridentur

208 1195 248 1237 ex
271 1196 308 1239 eo
330 1173 461 1241 fluxIsse
483 1177 643 1264 exempla:

202 1291 269 1350 Val.
285 1293 364 1352 Max.
379 1293 404 1366 Ι,
418 1294 475 1367 2,2
496 1313 524 1372 p.
542 1295 596 1353 123
610 1297 655 1355 ed.
670 1295 789 1373 Kempf.
938 1303 1013 1354 auct.
1034 1295 1070 1353 de
1092 1296 1144 1354 vir.
1164 1294 1207 1353 ill.
1228 1295 1328 1354 XLIX

204 1423 363 1479 ...quam
382 1406 413 1463 in
433 1405 507 1464 cella
522 1406 607 1466 Iovis
627 1407 790 1466 diutissime
842 1425 976 1482 ..quam
1001 1406 1032 1463 in
1057 1405 1133 1464 cella
1157 1404 1242 1464 Iovis
1266 1407 1454 1465 diutissime

202 1508 374 1560 moraretur.
842 1500 972 1559 sedisset.

249 1641 316 1702 Val.
337 1644 416 1703 Max.
439 1645 462 1714 1,
484 1647 512 1719 4,
533 1643 551 1702 2
571 1666 599 1724 p.
619 1645 681 1720 128,
704 1647 741 1705 20
919 1651 996 1704 auct.
1018 1645 1054 1704 de
1075 1645 1127 1702 vir.
1148 1645 1189 1705 ill.
1211 1644 1319 1718 LXIV,
1341 1645 1359 1702 8

284 1755 351 1814 Val.
372 1756 452 1814 Max.
475 1756 500 1830 Ι,
522 1758 549 1831 7,
571 1759 587 1814 3
609 1777 636 1834 p.
655 1759 708 1816 149
940 1768 1014 1814 auct.
1035 1756 1071 1813 de
1093 1757 1144 1814 vir.
1166 1756 1207 1816 ill.
1227 1755 1332 1814 XXVI

203 1866 666 1944 ...convenitqueintereos,
689 1871 790 1930 cuius
843 1869 1226 1942 ..cumconrenisset,
1261 1874 1292 1926 ut
1327 1868 1445 1926 cuius

203 1981 313 2020 cornu
333 1962 415 2038 prius
446 1962 616 2022 laborare
648 1967 792 2042 coepisset
842 1980 950 2020 cornu
971 1961 1001 2018 in
1022 1962 1082 2020 acie
1102 1962 1287 2021 laboraret
1310 2005 1346 2020 ..

205 2056 283 2114 utis
305 2101 342 2118 ..

276 2200 341 2260 Val.
363 2201 442 2261 Max.
462 2202 518 2277 ΙΙΙ,
540 2203 567 2278 2,
591 2207 603 2262 l
627 2225 655 2281 p.
671 2204 727 2264 245
939 2206 1015 2259 auct.
1036 2200 1072 2258 de
1093 2201 1145 2261 vir.
1167 2201 1209 2270 ill,
1230 2200 1281 2275 XI,
1305 2203 1317 2259 l

274 2310 341 2372 Val.
364 2313 441 2370 Max.
461 2313 518 2383 III,
540 2316 567 2388 2,
590 2315 607 2372 2
629 2335 655 2392 p.
671 2317 728 2374 246
952 2322 1024 2370 auct.
1047 2313 1084 2371 de
1106 2313 1158 2369 vir.
1178 2312 1221 2372 itt.
1242 2312 1320 2371 XlIl

206 2469 213 2484 .
241 2469 248 2483 .
281 2430 425 2482 nocturno
467 2434 597 2501 tempore
630 2430 791 2488 custodiam
842 2423 1012 2499 ..deceptIs
1032 2423 1201 2482 custodibus
1222 2434 1309 2481 noctu
1323 2423 1435 2481 castris

206 2535 353 2592 egressa
371 2503 687 2594 'equum'conscendit
718 2523 791 2582 cele·
843 2518 906 2576 eius
927 2536 1075 2594 egressa
1102 2537 1218 2593 equum,
1250 2537 1334 2594 quem
1367 2519 1435 2576 fors

206 2611 290 2687 rique
311 2612 472 2671 traiectu
493 2613 655 2676 fluminis..
843 2611 971 2684 dederat,
999 2612 1123 2687 arripuit
1154 2623 1183 2669 et
1203 2611 1335 2670 Tiberim
1356 2619 1433 2670 tra-

843 2705 938 2764 iecit.

270 2850 337 2911 Val.
358 2851 436 2912 Max.
457 2853 513 2928 ΙΙΙ,
535 2854 562 2927 2,
584 2859 602 2914 4
623 2877 652 2935 p.
674 2856 730 2914 246
934 2861 1008 2910 auct.
1029 2852 1066 2910 de
1087 2849 1140 2910 vir.
1163 2850 1203 2908 ill.
1225 2850 1338 2923 XXV¹)

248 2962 401 3021 Cornelius
452 2966 563 3025 Cossus
603 2969 697 3027 eidem
738 2969 792 3026 deo
844 3009 872 3022 ..
896 2962 1049 3038 Quinctius
1069 2962 1260 3022 Cincinnatus
1280 2984 1431 3023 ...ma-

208 3057 329 3132 spolia
359 3061 606 3134 consecravit,
638 3081 701 3120 cum
723 3082 792 3120 ma·
842 3057 994 3134 gistrum
1026 3058 1192 3132 equitum
1211 3056 1322 3132 habuit,
1355 3059 1430 3118 Cor-

207 3151 324 3227 gistar
357 3152 513 3227 equitum
552 3155 671 3214 ducem
706 3155 791 3212 Fide·
843 3152 952 3209 nelium
983 3151 1114 3221 Cossum,
1149 3152 1199 3227 qui
1228 3152 1347 3211 Lartem
1369 3153 1429 3211 Το-

206 3245 317 3302 natium
344 3245 374 3302 in
407 3248 470 3305 acie
501 3267 674 3326 congressus
704 3249 792 3306 inter·
842 3245 985 3302 lumuium
1005 3246 1128 3304 ducem
1158 3265 1211 3304 sua
1232 3265 1319 3304 manu
1338 3247 1431 3304 iuter-

208 3336 335 3394 emisset.
841 3339 918 3397 fecit.
960 3340 997 3397 de
1026 3359 1060 3396 eo
1091 3341 1212 3416 spolia
1241 3341 1341 3418 opima
1360 3341 1430 3400 Iovi

843 3433 993 3492 Feretrio.
1010 3475 1038 3490 ..
1062 3436 1297 3494 consecrarit.

265 3576 331 3637 Val.
354 3578 430 3640 Max.
452 3579 505 3653 ΙΙΙ,
528 3581 554 3653 2,
578 3583 612 3641 18
633 3602 661 3658 p.
677 3582 732 3640 255
891 3587 967 3640 auct.
988 3579 1025 3637 de
1044 3579 1103 3637 riri
1119 3579 1160 3638 ill.
1182 3581 1313 3655 LXXII,
1340 3581 1374 3640 10

273 3689 340 3748 Val.
362 3692 442 3751 Max.
461 3692 514 3763 Ill,
537 3695 563 3766 7,
588 3696 601 3750 l
624 3713 651 3770 p.
667 3694 723 3752 288
944 3702 1017 3750 auct.
1039 3692 1074 3748 de
1096 3693 1146 3750 vir.
1168 3693 1209 3749 ill.
1231 3693 1332 3772 XLIX

207 3844 234 3858 ..
256 3800 322 3859 hoc
342 3821 406 3878 ego
426 3804 495 3876 die,
526 3805 629 3880 inquit,
661 3805 792 3879 Quirites
843 3803 905 3860 hac
934 3803 1004 3871 die,
1036 3804 1140 3878 inquit,
1171 3803 1429 3881 Carthagiuienses

209 3893 457 3972 Carthaginem..
476 3897 792 3973 .legesnostrasaoci-
843 3897 909 3965 vici,
939 3914 1030 3970 quare
1052 3899 1158 3956 bonum
1178 3899 1287 3956 factum
1308 3899 1342 3955 in
1365 3897 1428 3955 Oa·

207 4009 276 4067 pere
308 3991 387 4050 iussi.
442 3991 562 4066 proinde
595 4010 718 4067 aequum
750 4003 793 4050 est
843 3989 1009 4066 pitolium
1029 4011 1147 4050 eamus
1172 3991 1428 4069 supplicatum.

208 4103 272 4143 vos
292 4104 425 4143 mecum
445 4085 495 4142 ire
514 4085 548 4142 in
571 4085 792 4161 Capitolium

208 4180 464 4257 supplicatum.

278 4347 336 4410 l)r
364 4344 558 4396 Mommsonum
578 4343 667 4396 Herm.
686 4341 758 4406 Xlll,
777 4359 802 4412 p.
817 4347 865 4397 306
884 4361 905 4396 s.
924 4343 942 4397 f.
961 4365 981 4388 =
1002 4343 1108 4408 Quaest.
1129 4344 1203 4397 Rom.
1223 4345 1256 4408 ll,
1275 4362 1301 4413 p.
1314 4349 1371 4399 237.
