3218 5174
712 495 753 557 49

123 698 179 756 bus
211 696 326 754 vellet
355 696 497 756 rediret
544 698 611 756 illa
640 697 708 754 ele·
759 695 898 772 permisit.
963 695 1030 753 illa
1073 696 1229 772 virgines
1273 715 1343 773 pue·

123 791 181 868 git
201 790 465 867 virgines,quae
485 791 707 866 iniuriaepc·
758 809 865 865 rosque
895 789 1023 866 elegit,
1063 808 1186 868 quorum
1220 799 1344 847 aetatem

124 892 222 942 terant
235 903 300 942 esse
320 884 542 946 obnoxiae..
560 931 566 946 .
581 887 626 944 cui
641 885 708 944 data
760 883 915 942 iniuriae
933 885 1122 942 obnoxiam
1140 883 1255 942 sciebat.
1276 882 1344 940 huic

123 985 172 1037 est
191 985 289 1036 statua
307 979 458 1054 equestris,
479 998 568 1056 quam
580 979 611 1036 in
626 998 709 1038 sacra
760 988 858 1037 statua
878 979 1018 1054 equestris
1038 979 1069 1036 in
1090 979 1154 1034 foro
1175 977 1279 1055 posita.

123 1073 174 1131 via
193 1073 361 1149 hodieque¹)
382 1073 581 1148 conspicimus.
1012 1067 1013 1070 '

210 1233 363 1301 Videmus
385 1235 480 1318 igitur
502 1247 644 1302 auctores
665 1262 730 1302 non
752 1235 861 1325 paucis
882 1233 961 1300 locis
989 1233 1067 1298 adeo
1081 1222 1281 1313 consentire,
1309 1242 1344 1296 nt

124 1337 256 1403 dubium
286 1359 356 1402 esse
382 1360 446 1400 non
472 1337 585 1422 possit,
619 1337 695 1424 quin
723 1337 862 1404 eiusdem
892 1335 1054 1422 scriptoris
1088 1335 1187 1400 verba
1219 1334 1344 1420 utrique

124 1438 291 1524 supposita
312 1437 436 1519 fuerint,
469 1437 504 1502 id
525 1438 609 1525 quod
633 1438 851 1527 discrepantiis
875 1435 1066 1523 eisqueuon
1096 1437 1228 1518 levibuS,
1262 1458 1344 1522 quae

126 1541 209 1605 inter
236 1538 381 1605 Servium
410 1551 441 1605 et
468 1550 628 1606 auctorem
658 1540 696 1606 de
730 1539 806 1606 viris
839 1538 1012 1604 illustribus
1046 1547 1182 1618 exstant,
1216 1536 1344 1602 minime

123 1644 336 1732 improbatur,
367 1641 514 1728 quoniam
536 1642 612 1706 satis
635 1663 788 1729 superque
821 1649 945 1706 constat
977 1639 1145 1704 Servianas
1166 1638 1237 1703 illas
1260 1661 1344 1702 com-

124 1743 338 1810 mentationes
360 1742 394 1806 in
416 1742 531 1808 scholis
553 1743 708 1808 lectitabas
731 1741 826 1807 etiam
849 1750 941 1828 atque
964 1741 1057 1806 etiam
1074 1749 1261 1806 retractatas
1275 1761 1345 1828 esse

124 1844 260 1930 ideoque
282 1843 481 1930 depravatas.
526 1843 660 1908 alterum
681 1855 783 1908 autem
808 1853 966 1908 auctorem
989 1866 1028 1907 ex
1051 1843 1147 1908 altero
1171 1865 1228 1907 sua
1242 1829 1345 1906 neuti-

125 1970 220 2034 quam
245 1945 478 2034 deprompsisse
500 1968 564 2010 non
587 1943 739 2032 estquod
762 1943 935 2009 ostendam.
1044 1957 1047 1964 “
1336 1953 1337 1958 ’

172 2232 389 2294 Scholiasta
409 2233 676 2294 Gronorianus'
848 2237 924 2290 auct.
946 2232 982 2290 de
1003 2231 1055 2289 vir.
1077 2231 1118 2290 ill.
1139 2229 1256 2288 LXVII

335 2331 361 2387 p.
376 2312 434 2369 410
455 2310 507 2370 Or.
886 2331 888 2336 ·

164 2422 278 2481 Marius
292 2423 449 2481 latuitin
464 2422 709 2482 Minturnensibus
802 2420 937 2496 [Marius]
977 2419 1135 2478 Minturnis
1175 2418 1204 2476 in
1238 2418 1345 2494 palude

117 2517 282 2594 ‘paludibus
376 2516 471 2577 Cinna
492 2515 571 2575 misit
590 2517 626 2573 ad
647 2517 709 2574 Ma·
761 2514 954 2574 latuit...
984 2533 1052 2572 mox
1086 2511 1219 2573 Cinnano
1252 2513 1344 2570 domi-

124 2612 202 2670 rium
222 2611 251 2669 in
271 2611 380 2685 Africa,
401 2611 564 2687 composuit
583 2607 711 2687 legiones
763 2609 879 2667 natione
909 2614 1062 2666 revocatus
1092 2607 1213 2682 ruptis
1243 2626 1343 2683 erga-

127 2706 261 2764 solutis
286 2705 489 2782 ergastulis
516 2697 545 2762 et
566 2703 644 2762 venit
763 2702 874 2761 stulis
895 2701 1052 2759 exercitum
1065 2701 1155 2762 fecit.
1172 2745 1201 2759 ..
1222 2703 1345 2780 septimo

126 2800 719 2874 tuncMariusmoritursuasponte.
762 2795 922 2868 consulatu,
955 2810 986 2853 ut
1010 2795 1128 2872 quidam
1147 2796 1255 2867 ferunt,
1287 2816 1346 2855 vo-

761 2890 928 2949 luntaria
947 2896 1060 2947 morte
1080 2889 1246 2952 decessit

212 3054 343 3121 Praeter
365 3055 512 3120 Nostrum
537 3040 570 3119 et
590 3052 837 3136 Scholiastam‘2)
860 3051 945 3117 solus
966 3049 1128 3116 Diodorus
1152 3045 1343 3134 [XXXVIL

127 3157 177 3239 29,
200 3158 222 3221 4
243 3180 272 3244 p.
291 3156 365 3242 163]
389 3155 529 3222 Marium
552 3153 611 3222 sibi
633 3161 764 3219 mortem
787 3151 977 3218 conscivisse
998 3151 1105 3219 tradit.
1175 3194 1177 3201 -
1297 3172 1299 3180 ’

557 3343 597 3407 tte
622 3341 730 3407 11111111
753 3340 925 3422 dispulerat.

125 3465 131 3527 ἶ
212 3461 358 3547 Denique
373 3462 467 3527 velim
483 3461 562 3527 mihi
577 3461 671 3526 liceat
689 3459 833 3524 hocloco
856 3457 1047 3524 Isidorum
1069 3456 1346 3544 Hispalensem

129 3562 255 3644 afferre,
279 3564 332 3650 qni
354 3553 514 3629 nonnullis
530 3563 707 3650 Originum,
731 3584 812 3648 quae
834 3560 1055 3642 inscribuntur,
1078 3559 1156 3624 locis
1180 3581 1247 3623 cum
1272 3581 1345 3622 auc·

129 3673 194 3729 tore
218 3664 256 3729 de
279 3665 335 3730 vir.
364 3666 408 3729 ill.
436 3687 565 3752 prorsus
592 3664 632 3728 ad
664 3665 797 3730 verbum
831 3662 967 3728 concinit
1000 3671 1094 3747 atque
1117 3661 1178 3749 'vel
1211 3659 1345 3744 eundem

130 3774 298 3848 auctorem,
332 3791 426 3854 quem
452 3767 568 3832 Noster
596 3774 626 3831 et
651 3765 828 3852 Ampelius,
861 3764 913 3829 vel
936 3762 1087 3827 Nostrum
1114 3761 1227 3850 ipsum,
1261 3757 1345 3848 quod

129 3866 206 3932 milri
231 3878 392 3955 praestare
419 3867 557 3950 videtur,
592 3867 774 3933 adhibuisse
799 3864 957 3952 putandus
984 3881 1039 3928 est.
1094 3886 1169 3928 nam
1196 3887 1237 3927 ne
1263 3863 1344 3927 forte

131 3969 290 4036 credamus
313 3971 478 4058 Hyginum
499 3971 603 4058 ipsum
626 3978 657 4035 et
678 3970 719 4035 ab
739 3967 862 4062 Isidoro
886 3975 917 4031 et
939 3967 979 4031 ab
1001 3966 1131 4047 incerto,
1154 3988 1245 4054 quem
1269 3966 1344 4029 sub·

199 4229 223 4296 1)
240 4245 265 4282 v.
283 4229 477 4298 Schweglernm
496 4225 522 4281 11.
541 4227 571 4279 R.
589 4225 621 4289 Il,
638 4241 664 4294 p.
683 4227 716 4280 56
736 4240 760 4275 n.
780 4227 804 4276 2.

198 4318 223 4378 2)
241 4314 373 4383 Hauptius
392 4314 430 4366 De
448 4313 562 4367 auctoris
580 4311 612 4364 de
631 4311 678 4363 vir.
698 4310 735 4364 ill.
754 4313 805 4363 cet.
827 4326 852 4378 p.
871 4313 905 4360 44
924 4305 1010 4361 solum
1029 4309 1162 4357 auctorem
1181 4304 1212 4358 de
1231 4306 1279 4358 vir'.
1297 4306 1343 4370 ill,

133 4395 255 4450 Kiehnius
283 4397 335 4451 Der
356 4395 817 4466 1111111111311111111111111111111
838 4398 864 4462 'p.
877 4398 926 4447 301
949 4393 1036 4446 solum
1055 4390 1197 4444 Diodorum
1221 4391 1269 4443 boc
1291 4396 1343 4445 tra-

133 4477 189 4536 dere
206 4484 355 4554 opinantur.
