3218 5174
825 454 865 518 26

748 541 952 550 111——

324 652 418 718 Adde
446 654 530 741 quod
557 655 641 742 apud
669 656 848 742 Ampelium
877 680 1000 744 quoque
1023 643 1147 742 Hygini
1172 656 1307 742 vestigia
1334 665 1465 726 exstare

238 754 298 819 hac
320 777 394 819 oum
414 754 519 820 Gellio
542 758 774 843 comparatione
796 756 959 824 docemur:

318 907 499 982 (terrentur,
521 909 548 983 a,
570 909 597 984 r,
619 930 645 986 p,
672 910 725 968 no
1030 913 1117 988 amp.
1140 891 1303 985 xv111‚'a.

332 1001 445 1079 prun,
468 1003 514 1078 21,
536 1005 582 1078 aa,
603 1025 631 1080 p.
654 1005 734 1083 1981.

279 1115 418 1174 Rufinum
444 1117 488 1175 bis
509 1117 662 1176 consulatu
683 1127 711 1174 et
731 1117 823 1175 dicta·
914 1115 1070 1175 Fabricius
1090 1115 1256 1188 Luscinius,
1278 1116 1329 1192 qui
1351 1115 1463 1176 Corne·

240 1210 707 1270 turalunctumcensorFabricius
717 1216 822 1268 senatu
874 1211 945 1268 lium
976 1211 1116 1268 Rufinum
1150 1212 1331 1270 consularem
1365 1213 1462 1270 virum

239 1304 333 1362 movit
363 1305 443 1379 quod
472 1305 570 1364 decem
600 1306 698 1382 pondo
734 1305 824 1362 libras
874 1311 978 1364 senatu
994 1305 1105 1362 amovit
1122 1305 1256 1363 luxuriae
1274 1316 1303 1364 et
1317 1307 1463 1365 auaritiae

240 1398 352 1474 argenti
373 1399 443 1456 facti
464 1400 590 1460 haberet.
874 1401 1046 1460 damnatum
1072 1400 1148 1475 quod
1174 1401 1272 1459 decem
1294 1401 1392 1476 pondo
1415 1421 1463 1459 ar·

454 1500 457 1504 ’
874 1496 954 1572 genti
973 1495 1146 1572 possideret.

327 1671 380 1737 Ad
404 1672 539 1738 eundem
562 1682 723 1738 auctorem
745 1684 911 1760 utrumque
926 1672 1127 1739 referendum
1143 1696 1212 1738 esse
1227 1674 1328 1761 primo
1351 1675 1466 1740 obtutu

242 1789 382 1862 apparet.
428 1774 510 1860 quod
548 1775 697 1861 quoniam
735 1773 857 1840 Gellius
898 1776 999 1841 simile
1041 1775 1080 1840 de
1116 1774 1257 1842 Fabricii
1295 1777 1465 1841 severitate

242 1877 422 1963 exemplum
446 1897 512 1964 cap.
525 1875 604 1940 XIV
621 1876 694 1942 libri
709 1877 804 1963 primi
818 1877 1012 1963 propositum
1027 1901 1066 1942 ex
1081 1876 1212 1963 Hygino
1228 1899 1262 1942 se
1279 1875 1465 1962 depromere

241 1980 310 2064 ipse
332 1979 458 2057 fatetur,
480 2001 574 2064 quem
594 2001 710 2064 quaeso
733 1978 826 2042 huius
848 2001 972 2065 quoque
994 1979 1185 2044 narrationis
1207 1986 1366 2042 auctorem
1389 1977 1465 2043 sub·

242 2083 370 2146 stituere
391 2079 489 2144 tutius
512 2090 572 2161 est,
596 2103 691 2166 quam
714 2079 846 2144 eundem
870 2079 1057 2166 Hyginum?
1091 2079 1158 2162 sed,
1187 2090 1258 2145 utut
1280 2090 1340 2161 est,
1364 2079 1425 2144 hoo
1448 2103 1467 2145 e

242 2183 346 2249 Gellio
361 2181 390 2262 Ι,
427 2183 480 2260 14,
511 2205 539 2268 p.
565 2181 603 2245 57
627 2193 727 2268 patet,
761 2182 813 2246 vel
841 2181 980 2246 Fabricii
1001 2183 1145 2264 Luscini,
1181 2206 1274 2269 quem
1297 2181 1467 2267 Ampelius

240 2284 389 2349 laudibus
412 2281 516 2363 effert,
546 2283 643 2347 vitam
670 2284 710 2346 ab
732 2281 863 2368 Hygino
890 2284 923 2347 in
953 2285 1042 2349 libris
1066 2284 1104 2348 de
1126 2285 1183 2350 vir.
1207 2285 1250 2350 ill.
1275 2284 1465 2371 descriptam

241 2387 348 2452 fuisse.
381 2384 487 2470 itaque
510 2383 653 2470 quamvis
676 2382 715 2448 de
734 2383 858 2470 Hygini
878 2408 983 2472 opere,
1006 2387 1098 2474 quale
1116 2386 1219 2466 fuerit,
1242 2387 1275 2450 in
1297 2386 1355 2451 hac
1378 2396 1468 2450 tauta

244 2487 493 2554 testimoniorum
508 2485 640 2572 penuria
654 2485 733 2550 nihil
748 2487 825 2551 certi
838 2486 973 2552 iudicari
994 2489 1102 2575 possit,
1127 2488 1186 2554 hoc
1206 2498 1310 2552 tamen
1331 2497 1464 2567 constat,

245 2590 363 2655 civium
384 2589 423 2653 de
446 2587 609 2675 republica
632 2588 709 2652 bene
729 2589 911 2654 meritorum
928 2590 1054 2656 laudem
1076 2603 1169 2676 atquc
1184 2590 1316 2674 gloriam
1331 2588 1375 2651 ibi
1391 2587 1466 2652 latis

244 2693 361 2757 finibus
384 2689 652 2775 circumscriptam
667 2688 775 2769 finisse,
798 2689 832 2754 id
854 2691 937 2778 quod
950 2693 984 2756 in
1004 2703 1147 2756 nostrum
1160 2690 1198 2755 de
1214 2691 1269 2756 vir.
1285 2690 1330 2756 ill.
1346 2690 1467 2754 librum

245 2794 361 2882 optime
390 2791 544 2879 quadrare
569 2814 662 2856 nemo
688 2792 828 2876 negabit.
867 2793 1004 2879 itemque
1030 2815 1109 2878 quae
1143 2793 1182 2858 de
1203 2785 1326 2879 Hygini
1361 2792 1466 2877 operis

245 2904 429 2981 argumento
452 2892 699 2979 condicioneque
721 2916 738 2957 e
762 2895 939 2980 perpauciS,
970 2916 1049 2980 quae
1071 2893 1109 2958 ad
1133 2894 1216 2959 hane
1238 2905 1370 2959 aetatem
1394 2916 1467 2979 pcr-

245 3004 439 3074 manserunt,
455 2993 640 3077 fragmentis
656 3017 728 3058 cum
744 2995 850 3080 aliqua
864 2994 1086 3082 probabilitate
1098 2996 1466 3081 ratiocinaripossumus,

245 3099 442 3164 coniecturae
474 3105 599 3160 nostrae
629 3096 743 3161 favent.
778 3119 853 3159 nam
882 3119 937 3160 suo
966 3095 1034 3160 iure
1063 3095 1140 3163 Chr.
1171 3096 1209 3161 B.
1240 3096 1372 3160 Buutius
1401 3095 1467 3181 [De

247 3198 284 3265 O.
310 3199 389 3264 Julii
410 3196 543 3282 Hygini,
565 3198 705 3282 Augusti
726 3197 843 3277 liberti,
873 3198 940 3262 vita
962 3207 993 3262 et
1015 3199 1148 3285 scriptia,
1172 3198 1348 3282 Morburgi,
1373 3198 1464 3279 1846,

245 3325 276 3388 p.
300 3300 354 3385 39]
380 3309 498 3380 censet,
534 3297 692 3386 Hyginum
716 3299 869 3363 inlibris
893 3299 931 3364 de
954 3299 1010 3364 vir.
1033 3299 1077 3364 ill.
1106 3299 1230 3387 scriptis
1259 3323 1340 3380 „non
1364 3300 1466 3364 solum

246 3403 414 3490 protulisse
436 3400 609 3480 historiam,
632 3423 728 3485 quam
750 3399 872 3480 dicunt,
900 3400 1264 3486 pragmatico-criticam,
1293 3401 1348 3466 sed
1371 3401 1466 3466 etiam

175 3559 180 3570 ,
246 3504 443 3568 narrationes
469 3502 633 3566 fabulosas
661 3508 693 3565 ct
719 3501 938 3582 miraculosus,
972 3525 1053 3587 quae
1081 3512 1137 3568 aut
1163 3502 1195 3566 iu
1223 3503 1382 3596 hpminum
1413 3525 1467 3566 ore

248 3605 561 3686 circumferebantur,
595 3615 649 3668 aut
681 3603 713 3666 in
740 3603 865 3689 scriptis
897 3603 1031 3669 traditae
1063 3604 1215 3669 fuerant“.
1254 3604 1327 3668 lruio
1361 3613 1468 3668 autem

249 3709 353 3796 operis
377 3707 493 3793 speciei
515 3707 586 3772 libri
608 3705 709 3770 nostri
729 3704 865 3769 indolem
889 3705 983 3792 plane
999 3706 1187 3792 respondere
1202 3706 1360 3771 neminem
1379 3707 1466 3771 latet.

333 3808 425 3889 Quae
437 3831 506 3872 cum
519 3809 564 3872 ita
575 3809 646 3889 sint,
660 3831 728 3873 cum
745 3808 807 3872 illis
819 3807 1009 3894 Hieronymi
1023 3808 1125 3874 verbis
1137 3808 1178 3872 ad
1190 3809 1290 3872 solum
1303 3808 1469 3894 Hyginum

249 3911 402 3976 ducamur
435 3932 568 3996 cumque
601 3919 632 3974 ct
664 3910 747 3997 apud
781 3911 930 3973 Nostrum
965 3919 996 3972 et
1029 3909 1114 3995 apud
1149 3909 1326 3995 Ampelium
1359 3919 1469 3995 aperta

248 4013 371 4098 Hygini
393 4011 527 4096 vestigia
548 4010 746 4097 indiciaquac
774 4011 989 4090 inveniamuS,
1017 4009 1197 4076 Woelfflini
1217 4011 1295 4075 illud
1317 4010 1470 4075 iudicium

249 4115 326 4179 mihi
352 4112 475 4201 quidem
506 4111 768 4178 verisimillimum
795 4112 918 4177 videtur
945 4135 1028 4193 esse,
1059 4113 1245 4200 primarium
1269 4113 1345 4177 libri
1371 4112 1470 4178 nostri

248 4216 369 4280 fontem
391 4214 557 4300 Hyginum
580 4235 658 4278 esse.

334 4316 458 4397 Quodsi
480 4316 639 4402 hucusque
662 4337 734 4379 cum
763 4314 831 4378 viro
858 4315 912 4380 illo
940 4315 1121 4380 doctissimo
1151 4315 1329 4396 consentio,
1360 4313 1410 4378 oui
1436 4313 1470 4377 in

249 4417 309 4486 hac
331 4419 513 4505 quaestione
540 4415 731 4481 instituenda
756 4417 912 4502 permulta
938 4440 987 4481 me
1017 4415 1132 4482 debere
1159 4416 1337 4502 gratissimo
1363 4416 1469 4482 animo
