3218 5174
216 651 255 720 de
277 655 458 744 triumphali
489 671 577 726 veste
607 661 633 726 ei
661 683 811 727 concessa
840 666 880 740 (e.
896 663 983 735 LVI.
1006 662 1054 746 5),
1088 660 1127 726 de
1154 661 1277 726 duabus
1301 660 1432 727 Caecilii

213 755 335 822 Metelli
349 760 482 846 repulsis
499 762 540 845 (e.
556 761 681 844 LXI1),
703 762 741 828 de
758 763 972 849 Vespillonum
988 763 1172 847 cognomine
1189 764 1230 844 (e.
1248 761 1367 844 LXIV,
1385 763 1432 842 8),

215 856 254 922 de
280 857 327 923 M.
349 859 447 927 Drusi
474 862 635 929 aedilitate
667 875 698 931 et
731 875 900 950 quaestura
932 865 974 948 (c.
1001 863 1138 946 LXVI),
1175 865 1213 928 de
1247 863 1432 927 carbonario

214 957 326 1024 Scauri
353 963 450 1048 patris
476 966 639 1050 negotio²)
677 967 718 1050 (e.
734 965 910 1049 LXXVI),
948 966 987 1032 de
1008 965 1054 1031 M.
1082 964 1193 1030 Scauri
1221 963 1433 1030 adulescentia

215 1071 247 1125 et
268 1061 426 1130 aedilitate
449 1067 491 1149 (e.
507 1066 671 1148 LXXII),
705 1066 743 1131 de
771 1067 900 1132 muliere
924 1067 1029 1132 Sullae
1055 1067 1187 1154 parvulo
1213 1066 1319 1131 futura
1340 1089 1432 1152 prae-

214 1162 337 1228 dicente
361 1165 399 1240 (e.
415 1165 568 1252 LXXV),
592 1169 631 1234 de
651 1167 698 1233 M.
719 1169 810 1233 Bruti
834 1182 1003 1254 quaestura
1025 1170 1065 1251 (c.
1083 1167 1272 1251 LXXXII),
1296 1166 1335 1232 de
1358 1189 1432 1252 eog-

214 1266 340 1331 nomine
356 1264 513 1350 Caryotae
529 1267 566 1335 C.
584 1268 697 1336 Cassio
712 1270 811 1334 indito
832 1271 873 1351 (e.
891 1268 1081 1350 LXXXIII,
1099 1271 1133 1354 3)
1156 1269 1259 1334 refert.
1292 1267 1432 1354 itemque

216 1367 381 1434 nonnullos
409 1369 586 1457 triumphos
617 1379 672 1436 aut
698 1373 782 1436 solus
814 1381 921 1436 nester
953 1371 1051 1436 tradit
1085 1372 1172 1437 velut
1203 1372 1239 1437 P.
1268 1371 1363 1436 Decii
1392 1369 1432 1434 de

216 1466 414 1534 Samnitibus
432 1474 472 1556 (e.
485 1473 643 1557 XXVII),
665 1473 722 1538 Μ’.
736 1473 823 1540 Curii
836 1472 875 1537 de
884 1472 1022 1538 Lucanis
1032 1474 1074 1558 (e.
1085 1472 1266 1555 XXXHI),
1289 1471 1334 1538 M.
1352 1471 1433 1536 Livii

215 1570 254 1635 de
268 1571 386 1657 Illyriis
409 1581 449 1654 (c.
461 1573 514 1658 L),
538 1585 593 1638 aut
605 1585 728 1662 praeter
751 1599 823 1640 eum
845 1575 901 1640 soli
924 1575 999 1639 fasti
1021 1575 1225 1661 triumphales
1247 1573 1374 1657 habent,
1396 1582 1433 1637 ut

213 1671 250 1736 P.
274 1671 396 1738 Valerii
420 1676 602 1740 Publicolae
629 1674 667 1741 de
694 1673 823 1750 Sabinis
851 1684 882 1741 et
906 1675 1093 1741 Veientibus
1115 1676 1157 1760 (e.
1173 1673 1235 1740 XV
1265 1673 1321 1739 cfr.
1345 1671 1382 1741 C.
1398 1674 1431 1738 J.

212 1772 249 1840 L.
266 1773 293 1856 I,
315 1799 347 1861 p.
362 1777 451 1861 454),
479 1775 518 1858 Ω.
546 1777 638 1842 Fabii
662 1778 747 1843 Rulli
770 1779 809 1843 de
832 1776 1026 1843 Samnitibus
1053 1778 1094 1860 (e.
1116 1776 1252 1842 XXXII
1273 1776 1327 1840 cfr.
1346 1774 1383 1841 C.
1399 1775 1431 1840 J.

213 1874 249 1939 L.
267 1875 293 1958 I,
316 1901 346 1963 p.
362 1878 440 1962 456)
464 1887 496 1944 et
518 1879 556 1944 de
579 1879 692 1967 Apulis
720 1883 762 1965 (e.
778 1879 916 1945 XXXII
937 1879 992 1944 cfr.
1014 1877 1051 1946 C.
1068 1879 1099 1944 J.
1116 1878 1153 1943 L.
1168 1879 1195 1960 I,
1220 1902 1248 1965 p.
1264 1879 1359 1962 456),
1387 1878 1430 1942 A.

215 1977 303 2042 Atilii
335 1978 472 2045 Calatini
505 1980 544 2045 de
569 1980 882 2068 Carthaginiensibus
915 1984 957 2067 (e.
977 1981 1131 2047 XXXIX
1159 1981 1213 2046 cfr.
1237 1979 1273 2046 C.
1294 1979 1326 2044 J.
1346 1979 1384 2043 L.
1406 1979 1431 2062 I,

213 2101 242 2165 p.
259 2082 349 2164 458),
382 2082 428 2147 M.
448 2083 574 2147 Aemilii
589 2084 697 2149 Scauri
720 2085 757 2150 de
781 2084 950 2170 Liguribus
973 2094 1004 2148 et
1019 2083 1213 2166 Tauriscis³)
1247 2083 1287 2165 (e.
1300 2081 1432 2146 LXXII

215 2183 269 2246 cfr.
288 2180 325 2251 C.
342 2183 373 2247 J.
388 2183 427 2248 L.
444 2184 471 2265 I,
494 2208 524 2272 p.
548 2187 612 2250 460
633 2186 688 2251 uhi
711 2185 793 2252 Galli
817 2185 920 2250 Karni
941 2189 1141 2268 uocantum).
1188 2184 1263 2271 quid
1285 2185 1433 2249 tandem?

214 2283 299 2348 unde
322 2307 430 2350 ornnes
452 2286 523 2350 illas
546 2285 585 2351 de
606 2287 747 2352 virorum
767 2287 936 2352 illustrium
960 2287 1099 2352 infantiis
1130 2294 1224 2372 atque
1250 2286 1433 2351 adnleseen-
1550 2342 1555 2348 .

70 2431 80 2443 .
214 2384 276 2467 tiis,
300 2385 492 2452 facinoribus
515 2397 609 2474 atque
630 2388 791 2469 laudibus,
819 2388 972 2454 mortibus
994 2397 1089 2475 atque
1110 2388 1273 2453 funeribus
1297 2387 1433 2452 narrati-

216 2487 345 2552 unculas
368 2488 535 2575 omniaque
556 2489 611 2554 illa
633 2490 733 2556 facete
755 2491 806 2556 vel
827 2490 965 2573 graviter
988 2490 1073 2555 dicta
1086 2488 1216 2555 fluxisse
1230 2488 1433 2555 verisimilius

214 2597 274 2670 est,
309 2589 370 2654 nisi
393 2614 433 2654 ex
456 2591 594 2656 auctoris
615 2591 711 2674 libro,
746 2593 799 2679 qui
820 2591 958 2657 virorum
982 2591 1147 2656 illustrium
1170 2592 1254 2657 nitas
1276 2592 1317 2656 ab
1343 2590 1433 2656 ineu·

214 2691 340 2758 nabulis
362 2715 461 2778 nsque
484 2692 524 2756 ad
547 2715 725 2779 supremum
749 2693 834 2760 diem
854 2695 1113 2780 persequeretur?

300 2792 364 2859 Sed
397 2803 464 2858 tota
496 2794 638 2880 quaestio
672 2794 713 2858 ad
744 2795 897 2881 liquidum
931 2796 1130 2881 perducetur,
1164 2794 1189 2859 si
1222 2792 1260 2857 L.
1293 2791 1433 2881 Ampelii

213 2896 330 2960 librum
363 2895 577 2960 memorialem
611 2918 683 2961 eum
712 2907 838 2962 auctore
865 2896 904 2961 de
932 2898 987 2962 vir.
1015 2896 1060 2960 ill.
1094 2895 1270 2961 contuleris.
1316 2895 1433 2960 etenim

213 2998 397 3086 Ampelium
420 3019 446 3061 e.
468 2996 567 3061 XVII
594 3019 685 3082 reges
708 2997 936 3078 Romanorum,
964 3021 991 3063 c.
1015 2996 1134 3064 XVIII
1162 2995 1351 3061 clarissimos
1374 2994 1432 3060 du-

214 3122 266 3165 ces
288 3099 514 3181 Romanorum,
545 3122 570 3164 e.
594 3098 680 3164 XIX
702 3099 879 3181 Romanos,
907 3099 961 3186 qui
983 3101 1016 3164 in
1038 3110 1113 3185 toga
1133 3100 1261 3164 fuerunt
1285 3098 1431 3180 illustres

214 3225 239 3267 e.
256 3201 339 3282 XX,
373 3200 426 3288 qui
449 3223 505 3288 pro
531 3199 635 3287 patria
661 3223 694 3266 se
720 3201 913 3284 obtulerunt,
948 3224 974 3266 e.
990 3201 1086 3284 XXI,
1121 3201 1175 3287 qui
1203 3200 1303 3287 spolia
1329 3199 1434 3287 opima

213 3305 411 3386 rettulerumt,
439 3326 465 3368 e.
490 3301 601 3382 XXII,
629 3304 683 3390 qui
710 3305 874 3390 provocati
901 3305 941 3370 ab
968 3304 1111 3368 hostibus
1139 3325 1235 3367 manu
1262 3301 1433 3368 contende·

213 3414 295 3486 runt,
318 3427 344 3469 e.
360 3404 511 3469 XXVIII
534 3403 629 3470 duces
652 3414 829 3470 exterarum
852 3407 989 3491 gentium
1015 3404 1243 3470 describentem
1265 3402 1432 3491 permultis

212 3505 290 3571 loeis
321 3505 360 3570 ad
388 3507 517 3572 verbum
546 3528 618 3572 eum
651 3517 779 3572 auctore
812 3505 851 3571 de
877 3507 934 3573 vir.
961 3506 1005 3571 ill.
1040 3507 1203 3573 concinere
1230 3502 1432 3571 Woelfflinus

214 3743 286 3812 [Vll,
304 3749 333 3808 t,
358 3744 491 3814 3pt'13]
520 3746 610 3798 scribit
635 3750 753 3801 tantum:
783 3747 942 3817 aliquotiens
968 3746 1067 3800 frustra
1088 3745 1257 3800 consulatum
1284 3742 1434 3809 (Aemilius)

212 3835 308 3982 potul)
327 3916 411 3970 Unius
428 3917 550 3985 repulsae
569 3916 689 3971 Valerius
707 3918 835 3972 Maximus
855 3918 926 3984 [vlt
945 3921 969 3982 5,
987 3922 1004 3969 4
1022 3932 1047 3984 p.
1060 3918 1123 3983 5⁷4]
1142 3916 1305 3968 mentionem
1323 3914 1391 3966 tacit

283 4008 309 4070 2)
327 4004 456 4058 Asconius
475 4004 501 4056 in
522 4003 613 4058 Seaur.
632 4020 656 4073 p.
672 4010 704 4059 22
724 4005 780 4068 (cfr.
799 4022 825 4074 p.
838 4008 882 4065 at)
899 4003 977 4058 Orell.
995 4005 1087 4057 scribit
1104 4006 1209 4058 tantum
1227 4015 1313 4069 neque
1331 4003 1432 4069 patrem

214 4103 298 4160 neque
317 4105 397 4142 avum
416 4106 500 4160 neque
518 4106 645 4159 proauum
664 4089 776 4143 honores
795 4088 902 4161 adeptos
921 4102 992 4156 esse,
1019 4093 1091 4144 tacet
1113 4093 1203 4144 autem
1227 4087 1260 4139 de
1282 4084 1432 4139 carbonario

213 4181 367 4329 negoilolta
393 4277 426 4314 ex
452 4260 549 4314 codicis
571 4229 753 4317 Bruxeliensis
779 4261 909 4329 scriptura
932 4260 1069 4315 Gauriseos
1093 4260 1274 4314 llommsenus
1301 4261 1326 4313 h.
1349 4258 1378 4313 R.
1398 4258 1431 4323 ll,

214 4366 240 4427 p.
257 4353 304 4402 169
324 4365 348 4402 n.
368 4349 492 4416 restituit,
510 4348 536 4400 id
553 4349 624 4418 quod
642 4346 765 4400 Peterem
783 4352 838 4403 ret.
858 4346 918 4402 hist.
937 4346 1011 4402 Rom.
1030 4347 1075 4400 rei.
1094 4361 1120 4417 p.
1134 4343 1223 4399 cctv
1241 4363 1267 4400 n.
1286 4351 1301 4398 2
1320 4345 1397 4414 fugit.

282 4434 343 4501 4)v
369 4434 563 4488 Mommsenum
581 4434 635 4489 l.1.
