3218 5174
636 495 839 593 -23-

128 697 294 780 confiteor,
323 701 429 764 tamen
454 705 518 763 tam
541 721 650 786 presse
672 700 738 765 eius
764 696 914 762 iudicium
938 695 1027 781 sequi
1048 717 1112 758 nou
1141 718 1285 783 possum,
1316 707 1351 762 ut

129 810 290 865 auctorem
317 810 459 864 nostrum
488 800 567 886 ipsis
588 799 712 888 Hygini
738 800 828 865 libris
857 821 950 863 usum
976 818 1045 862 esse
1075 797 1261 878 concedam,
1295 798 1349 864 sed

129 901 226 965 aliam
247 900 326 966 milri
348 902 490 990 persuasi
504 902 587 966 inter
607 924 659 967 eos
678 901 871 968 intercedere
890 899 1053 965 rationem.
1087 921 1168 985 quae
1188 901 1291 987 qualis
1310 901 1352 965 sit

128 1013 166 1068 ut
196 1003 403 1088 intelligatur,
438 1004 476 1070 de
508 1003 588 1070 miro
616 1003 670 1068 illo
696 1005 778 1070 inter
803 1003 934 1068 Florum
960 1010 992 1067 et
1018 1001 1167 1067 Nostrum
1196 1025 1352 1068 consensu

129 1103 322 1172 disseramus
344 1115 476 1194 oportet.

641 1277 696 1343 De
718 1274 840 1342 Floro.

217 1410 407 1500 Quicunque
428 1413 509 1479 enim
534 1413 652 1480 librum
671 1424 814 1480 nostrum
837 1435 909 1478 cum
924 1409 1010 1474 Flori
1031 1410 1167 1496 epitome
1187 1433 1350 1497 compara-

130 1513 227 1595 verit,
255 1513 338 1578 haud
367 1516 460 1582 dubie
490 1513 660 1603 Spengelio
688 1515 890 1595 assentietur,
922 1522 1065 1578 auctores
1091 1534 1161 1577 cum
1184 1511 1350 1599 permultis

129 1615 208 1681 locis
231 1615 271 1680 ad
294 1618 427 1682 verbum
449 1619 613 1684 concinere
635 1628 701 1684 tum
723 1616 876 1683 nonnulla
898 1614 1036 1696 tradere,
1058 1638 1137 1702 quae
1160 1613 1244 1701 apud
1273 1613 1351 1678 alios

129 1725 273 1783 auctores
295 1727 350 1784 aut
372 1719 464 1806 plane
487 1719 703 1786 desiderentur
725 1729 780 1785 aut
800 1739 929 1806 prorsus
952 1716 1042 1782 aliter
1063 1726 1236 1782 narrentur.

214 1818 267 1884 Ex
288 1821 427 1886 maximo
449 1821 574 1886 illorum
595 1822 735 1888 locorum
757 1843 888 1886 numero
915 1817 1031 1884 additis
1053 1818 1228 1898 nonnullis,
1255 1817 1310 1904 qui
1333 1840 1352 1882 a

130 1918 300 2009 Spengelio
322 1932 354 1987 et
367 1922 509 2012 Hauptio
533 1923 641 1988 omissi
656 1934 737 2012 suut,
760 1922 794 1986 hi
808 1920 885 1985 mihi
899 1920 1046 1986 videntur
1061 1943 1130 1987 esse
1146 1918 1350 2005 respiciendi:

163 2039 242 2098 Flor.
265 2041 288 2114 Ι,
313 2045 337 2114 1,
358 2061 386 2117 p.
410 2043 455 2115 10,
477 2044 508 2101 11
534 2044 578 2102 ed.
600 2030 687 2101 Jahn.
866 2049 939 2099 auct.
961 2041 997 2099 de
1018 2040 1071 2100 vir.
1092 2039 1134 2099 ill.
1156 2038 1208 2111 VI,
1230 2040 1256 2096 5.

172 2135 306 2211 [Tullius]
322 2155 442 2212 regnum
458 2137 525 2195 dolo
538 2143 655 2212 parturn
676 2136 717 2194 sic
809 2134 1015 2211 [Tarquinius]
1047 2153 1165 2210 regnum
1200 2133 1353 2211 intercepit

131 2230 190 2307 egit
209 2230 360 2303 industrie,
382 2241 412 2288 ut
424 2231 486 2288 iure
500 2231 624 2308 adeptus
638 2231 716 2288 vide·
768 2237 798 2289 ct
836 2231 879 2288 ita
916 2227 1131 2286 administrarit
1168 2228 1252 2304 quasi
1291 2228 1352 2284 iure

131 2331 221 2384 retur.
768 2325 890 2402 adeptus
913 2333 997 2383 esset.

237 2454 314 2513 Flor.
334 2453 359 2527 Ι,
380 2455 408 2525 4,
427 2473 456 2531 p.
482 2456 526 2526 14,
548 2455 607 2530 9¹).
850 2463 925 2512 auct.
946 2454 983 2512 de
1004 2452 1055 2512 vir.
1076 2451 1118 2509 ill.
1138 2451 1223 2522 XVI,
1245 2451 1270 2509 7.

133 2581 169 2590 -·
200 2549 278 2624 apud
303 2547 409 2624 Regilli
436 2549 530 2607 lacum
565 2547 719 2606 dimicavit
769 2548 886 2624 ..apud
908 2547 1017 2624 Regilli
1038 2546 1131 2605 lacurn
1145 2565 1207 2604 cum
1222 2545 1354 2604 hostibus

134 2641 226 2699 Marte
258 2641 339 2699 vario
369 2676 407 2684 -—
443 2642 553 2702 Cossus
588 2642 717 2719 equitum
769 2643 908 2701 conflixit.
940 2643 989 2700 ubi
1010 2641 1219 2700 cumulatoria
1237 2647 1355 2699 nutaret

134 2736 270 2812 magister
283 2755 388 2794 exuere
399 2736 495 2795 frenos
506 2737 679 2814 imperavit.
691 2781 717 2796 ..
769 2738 908 2814 magister
928 2737 1057 2812 equitum
1085 2734 1168 2811 equis
1188 2734 1286 2793 frenos
1306 2735 1355 2792 de·

134 2847 191 2905 quc
213 2829 306 2888 acrius
327 2830 516 2890 incurrerent.
768 2831 845 2889 trahi
865 2831 959 2904 iussit,
985 2837 1020 2889 ut
1038 2829 1221 2888 irrevocabili
1240 2830 1352 2906 impetu

769 2927 921 2984 ferrentur.

224 3033 304 3093 Flor.
325 3034 349 3107 I,
371 3037 398 3108 7,
419 3055 448 3111 p.
472 3033 515 3109 17,
536 3035 613 3112 23²).
832 3048 905 3096 auct.
927 3035 1036 3095 davit.
1058 3034 1100 3094 ill.
1121 3035 1239 3109 XXIII,
1262 3037 1288 3097 9.

134 3127 393 3188 iuventus...duce
402 3128 514 3187 Manlio
524 3149 619 3188 arcem
631 3129 718 3206 capi·
768 3131 883 3207 reliqua
914 3129 1049 3189 iuventus
1082 3149 1146 3189 cum
1177 3130 1289 3189 Manlio
1321 3131 1351 3188 in

135 3218 219 3278 tolini
239 3222 387 3282 insedit..
402 3271 410 3284 .
425 3269 432 3284 .
769 3225 944 3303 Capitolium
964 3225 1048 3304 fugit.

246 3349 326 3408 Flor.
348 3349 372 3425 l,
393 3352 420 3422 7,
441 3370 470 3428 p.
495 3353 539 3426 17,
561 3353 607 3413 30.
841 3365 914 3413 auct.
930 3355 971 3412 de
993 3353 1045 3415 vir.
1066 3353 1107 3414 ill.
1128 3353 1245 3426 XXlll,
1267 3356 1284 3410 8

135 3442 314 3502 ibisedentes
322 3445 350 3501 in
362 3446 508 3505 curulibus
519 3454 718 3524 praetextatos
770 3448 966 3506 nobilissimos
988 3468 1089 3508 senum
1109 3450 1138 3507 in
1156 3449 1303 3508 curulibus
1324 3459 1354 3506 et

136 3555 217 3596 senes
238 3538 314 3595 velut
330 3539 400 3597 deos
414 3540 574 3617 geniosque
588 3543 718 3601 venerati
770 3542 913 3600 honorum
934 3542 1096 3620 insignibus
1117 3540 1264 3621 primo'ut
1283 3543 1353 3600 deos

138 3651 205 3689 mox
217 3632 333 3690 eosdem
347 3641 501 3710 postquam
513 3635 719 3695 essehomines
771 3636 903 3695 venerati
923 3636 1025 3696 deinde
1046 3649 1078 3696 ut
1101 3639 1233 3696 homiues
1258 3638 1354 3714 despi-

137 3725 308 3802 liquebat..
326 3773 333 3786 .
354 3728 418 3803 pari
435 3731 570 3787 vecordia
584 3738 720 3789 mactant.
772 3731 827 3788 cati
849 3731 1024 3792 interfecere.

263 3855 338 3916 Flor.
360 3856 385 3930 Ι,
407 3858 434 3931 7,
454 3876 483 3934 p.
508 3859 552 3927 18,
574 3860 599 3917 7.
838 3869 912 3917 auct.
933 3859 969 3918 de
990 3861 1043 3917 vir.
1064 3859 1106 3918 ill.
1127 3859 1244 3933 XXIV,
1264 3861 1283 3918 4

177 3948 302 4008 llanlius
315 3963 398 4010 nocte
413 3953 570 4010 subeuntes
585 3952 722 4030 clangore
812 3953 965 4030 [Manlius]
983 3954 1110 4031 quadam
1123 3965 1206 4012 nocte
1220 3955 1354 4031 clangore

138 4045 250 4102 anseris
277 4045 421 4104 excitatus
453 4066 471 4104 a
501 4065 616 4105 summa
649 4067 722 4124 rupe
772 4048 883 4106 anseris
903 4048 1047 4106 excitatus
1068 4047 1173 4107 Gallos
1198 4050 1353 4108 ascenden·

138 4138 261 4198 deiecit.
773 4152 817 4200 tes
838 4142 947 4203 deiecit

376 4228 383 4258 l

139 4297 340 4307 ———

209 4411 233 4472 1)
253 4405 485 4460 orr.1>erizonium
504 4406 635 4462 animadv.
654 4407 714 4462 hist.
733 4425 758 4478 p.
772 4413 821 4463 327
841 4410 881 4464 ed.
900 4409 971 4463 Harl.

207 4493 232 4546 Υ
252 4492 303 4547 ce.
322 4492 516 4564 Schweglerum
539 4493 584 4560 lll,
602 4511 627 4568 p.
641 4499 692 4547 249
712 4511 736 4548 n.
758 4502 779 4550 l.
