3258 5186
817 427 858 491 90

736 512 937 522 ——-—-—·

622 624 753 695 Codex
773 627 1054 696 Bruxellensis.

228 747 404 813 Hetruscos
426 745 485 830 (aio
507 747 694 832 constanter)
716 769 810 834 saepe
833 746 974 813 edomuit
1074 747 1093 812 6
1115 746 1186 812 urbi
1208 745 1370 811 distribuit
1391 768 1454 809 an·

228 872 345 914 nonam
367 869 531 913 mensuras
554 846 694 935 pondera
714 847 831 913 classes
858 847 1078 933 centuriasque
1105 846 1274 913 coustituit.
1320 846 1453 911 Primus

229 950 367 1015 omnium
400 972 529 1016 censum
557 948 729 1028 ordinavit,
764 948 816 1034 qui
846 947 950 1013 adhuc
982 971 1038 1035 per
1069 949 1178 1014 orbem
1212 958 1368 1013 terrarum
1401 947 1453 1011 in·

229 1053 371 1136 cognitus
394 1061 471 1118 erat.
494 1051 676 1116 Latinorum
766 1052 807 1116 10
830 1047 902 1131 Quo
923 1049 1007 1114 facto
1030 1050 1088 1116 bos
1110 1049 1263 1137 quaedum
1343 1048 1451 1132 (illam

228 1153 438 1233 Dionaeam.)
511 1156 592 1218 liet
604 1152 710 1217 omnia
722 1150 877 1218 sacerdoti
956 1150 1121 1216 120allide
1208 1150 1362 1216 14etsibi

229 1254 394 1342 quaesivit.
417 1254 576 1340 Regnavit
597 1253 688 1318 aunis
711 1252 1080 1339 quadringintaquatuor.
1102 1251 1167 1318 Hic
1181 1253 1301 1339 primus
1316 1250 1453 1318 Servius

230 1355 339 1421 Tullus
363 1356 495 1421 alteram
516 1356 615 1420 filiam
636 1355 746 1420 mitem
768 1354 898 1420 alteram
918 1353 1057 1420 ferocem
1079 1353 1199 1420 habeus
1303 1354 1342 1416 15
1363 1352 1453 1418 lero·

229 1481 299 1524 cem
319 1480 442 1524 morum
464 1457 600 1545 simplici
678 1458 716 1522 18
738 1457 770 1521 in
794 1455 946 1544 gradibus
1023 1458 1062 1522 19
1085 1456 1189 1522 statim
1212 1479 1270 1520 oua.
1345 1454 1453 1542 disce·

232 1560 308 1625 dere
394 1559 496 1624 dictus
518 1569 566 1625 est
587 1568 619 1624 et
640 1567 750 1646 postea
835 1568 963 1624 estora.

317 2653 388 2738 cap.
410 2657 474 2738 lllll,
500 2660 516 2720 1
540 2655 718 2742 Tarquinus
814 2681 854 2722 ex
875 2656 1017 2722 moribus
1107 2658 1126 2721 P
1151 2655 1252 2722 Deam
1274 2657 1450 2724 Pometiam

233 2753 404 2853 Hetruscis
484 2756 629 2843 redaegit
680 2843 681 2846 Ἴ
714 2757 863 2823 3Ludos
882 2759 915 2823 in
938 2757 1032 2825 Circo
1122 2758 1168 2822 ibi
1255 2758 1450 2825 lArdaeae

318 2857 513 2925 Porsennam
535 2863 593 2942 (aa
615 2859 800 2942 constanter)
821 2859 997 2950 Hetruriae
1012 2883 1117 2946 regem
1203 2863 1223 2925 6
1245 2860 1372 2946 exaegit

318 3433 387 3518 cap.
410 3435 452 3516 ΙΧ,
476 3437 492 3498 1
516 3458 557 3500 ex
572 3457 678 3500 sorore
764 3458 832 3500 cum
850 3459 908 3500 om.
995 3435 1045 3500 Ita
1130 3439 1284 3524 Ppetuut.
1302 3433 1451 3501 Lucretia

234 3535 322 3619 regia
342 3558 440 3600 nurus
462 3537 503 3612 in,
516 3535 661 3602 convivio
677 3535 728 3600 vel
742 3536 813 3602 lusu
828 3536 1111 3625 comprehenditur.
1133 3537 1213 3602 Inde
1299 3539 1318 3601 3
1335 3537 1451 3606 Sextus

236 3634 425 3722 Tarquinius
511 3637 597 3703 venit
618 3647 650 3701 et
672 3636 854 3724 pudicitiam
877 3638 1010 3702 cubiculi
1035 3639 1227 3726 expugnavit
1319 3641 1340 3702 4
1363 3650 1451 3703 veste

235 3749 376 3822 gesserat
461 3739 598 3803 dexitio

319 4288 388 4373 cap.
410 4289 442 4370 Χ,
465 4291 480 4353 1
506 4287 624 4356 Lucius
647 4311 705 4354 oua
812 4290 844 4352 in
868 4312 928 4362 om.
1033 4289 1073 4356 de
1094 4289 1306 4377 imprudentia
1409 4243 1450 4356 ab

237 4389 393 4454 avunculo
415 4389 520 4454 fuerat
541 4389 664 4456 occisus
750 4390 851 4455 dictus
873 4401 922 4455 est
1007 4390 1132 4456 Pdono
1153 4392 1259 4457 intulit
1338 4391 1452 4477 3dig·
