3258 5186
762 456 801 518 77

175 654 288 716 visset
317 655 484 716 adulescens
513 657 590 717 filius
611 661 756 736 negotium
809 661 935 719 stricto
950 657 1093 716 dimittere
1104 655 1170 714 eum
1180 658 1393 715 accusationem

177 749 309 809 exhiberi
336 751 415 826 putri
445 753 606 811 accurrisse
631 753 757 813 Romam
808 761 949 813 terrore
969 752 1077 810 multo
1098 751 1244 827 compulit.

176 851 207 903 ct
231 863 298 903 cum
323 843 417 920 primo
446 845 504 902 luci
525 845 678 923 Pomponii
708 850 759 907 do·

175 958 253 997 mum
287 937 402 996 venisse
440 938 551 1000 dicitnr.
606 941 661 1001 Oui
695 962 759 1000 eum

176 1038 255 1092 esset
273 1031 498 1093 nuntiatum...
514 1037 642 1095 surrexIt
667 1057 683 1096 e
704 1038 760 1097 lec-

176 1128 238 1190 tulo
245 1128 423 1202 remotisque
434 1129 550 1189 arbitris
561 1132 598 1190 ad
608 1151 639 1190 se
648 1133 760 1192 adulas-

176 1229 286 1280 centem
316 1222 403 1280 iussit
433 1223 538 1282 venire.
589 1231 620 1284 at
647 1226 698 1284 ille
729 1234 762 1286 ut

176 1316 325 1392 ingressus
350 1325 393 1374 est
422 1316 574 1376 confestim
604 1320 760 1397 gladium

176 1409 373 1468 destrinxit
408 1411 573 1489 iuravitque
613 1433 645 1472 sc
677 1415 762 1474 illum

177 1504 278 1563 statim
298 1503 515 1564 interfecturum
536 1509 590 1567 nisi
616 1510 761 1568 iusiuran-

58 1615 61 1622 ’
176 1600 246 1656 dum
268 1600 323 1657 sibi
343 1600 471 1658 dedisset
496 1619 528 1658 se
553 1611 667 1678 patrem
694 1605 762 1663 mis-

178 1711 244 1751 sum
273 1711 337 1752 esse
366 1693 516 1755 iacturum.
570 1696 679 1756 iuravit
709 1701 764 1757 hoc

177 1797 316 1846 terrore
336 1795 486 1848 coaetus
506 1789 694 1870 Pomponius.

279 1976 340 2036 Cic.
361 1978 398 2036 ds
418 1979 475 2038 div.
496 1978 534 2053 II,
556 1981 602 2053 35,
623 1983 660 2040 74
885 1989 960 2041 auct.
981 1984 1017 2042 de
1037 1984 1090 2042 vir.
1111 1983 1153 2040 ill.
1174 1982 1286 2056 XLIV,
1307 1983 1324 2038 2

316 2122 373 2182 dic.
395 2125 477 2184 Brut.
499 2126 571 2195 XX,
593 2127 629 2184 79
890 2135 964 2188 auct.
986 2130 1023 2190 de
1043 2130 1095 2190 vir.
1115 2129 1158 2187 ill.
1179 2128 1286 2203 XLIV,
1308 2131 1325 2188 6

855 2238 990 2318 [Nasica]
1012 2242 1176 2318 eloquentia
1196 2241 1309 2317 primus

271 2382 331 2442 Cic.
353 2381 417 2444 (iat.
440 2384 509 2441 mai.
529 2384 614 2459 XIV,
635 2388 673 2444 50
813 2387 886 2444 iuris
906 2385 1027 2446 scientia
1048 2385 1281 2445 consultissimus

304 2494 363 2554 Cio.
384 2494 474 2553 Tuso.
494 2496 517 2569 I,
543 2497 584 2570 19,
609 2497 643 2554 18
813 2498 928 2575 ingenio
949 2499 1183 2575 sapientissimus

125 2574 129 2578 ’
190 2603 252 2663 crs.
273 2605 357 2664 ruse.
377 2605 395 2667 1.
416 2606 438 2664 1.
459 2606 541 2666 aruc.
562 2607 672 2679 cvm,
693 2608 749 2668 213
815 2609 890 2667 unce
911 2609 998 2700 vulgo
1019 2609 1176 2670 corculum
1197 2609 1289 2666 uictus

265 2771 335 2838 Has
365 2793 487 2859 quoque
515 2769 672 2858 Scipionis
693 2772 829 2838 Nasicae
852 2771 966 2838 'laudes
993 2772 1141 2860 equidem
1167 2771 1285 2836 frustra
1314 2769 1399 2858 apud

183 2873 276 2939 aliam
300 2883 459 2938 auctorem
480 2873 630 2961 quaesivi.

278 3041 339 3102 cic.
360 3043 422 3103 (lat.
444 3043 512 3104 mai.
534 3041 605 3116 XII,
625 3041 663 3100 42
878 3051 952 3102 auct.
973 3043 1009 3102 de
1029 3043 1081 3102 vir.
1104 3042 1144 3102 ill.
1165 3041 1290 3115 XLVII,
1311 3042 1330 3098 4

219 3155 264 3228 [L.
285 3154 481 3231 Flamininus]
508 3174 572 3213 cum
597 3160 675 3212 esset
695 3173 763 3212 oon·
854 3153 964 3213 Censor
997 3153 1097 3230 [Cato]
1133 3155 1168 3212 L.
1201 3153 1398 3212 Flamininum

181 3248 227 3306 sul
247 3248 277 3305 in
298 3247 398 3308 Gallia
417 3257 552 3308 exoratus
571 3249 601 3305 in
627 3249 762 3307 convivio
814 3249 995 3308 consularem
1015 3259 1116 3307 senatu
1136 3249 1236 3322 morit,
1257 3248 1335 3324 quod
1349 3248 1399 3306 ills

180 3362 199 3400 a
219 3347 316 3401 scorto
336 3353 388 3413 est,
415 3349 449 3401 ut
474 3343 566 3402 securi
591 3343 690 3400 feriret
710 3342 762 3400 ali·
814 3344 844 3400 in
860 3341 961 3402 Gallia
981 3343 1017 3400 ad
1039 3343 1189 3401 cuiusdam
1210 3345 1295 3401 scorti
1317 3361 1398 3420 spec·

180 3456 265 3515 quem
286 3457 395 3511 eorum,
416 3437 467 3513 qui
486 3436 516 3492 in
531 3435 654 3494 vinculis
668 3444 764 3494 essent
814 3436 953 3495 taetulum
979 3438 1111 3496 eductum
1132 3437 1277 3514 quendam
1298 3457 1315 3495 e
1335 3457 1398 3496 car·

179 3531 308 3589 damnati
328 3531 371 3589 rei
390 3531 503 3607 capitis.
815 3531 928 3588 cerain
949 3531 1083 3590 conuiuio
1103 3531 1225 3608 iugulari
1245 3530 1339 3592 iussit.

264 3691 388 3758 Deinde
422 3691 534 3759 Cicero
566 3689 649 3776 [Cat.
678 3689 750 3754 mai.
777 3691 820 3773 X,
849 3692 902 3774 32]
935 3692 1015 3756 sicut
1041 3693 1155 3759 Noster
1189 3693 1229 3776 [c.
1253 3691 1396 3775 XLVII]

181 3793 337 3861 Catonem
371 3795 405 3858 in
437 3794 518 3860 bello
553 3791 684 3878 Syriaco
717 3793 908 3858 tribunum
943 3794 1138 3878 milituml)
1174 3795 1271 3858 fuisse
1303 3794 1400 3859 tradit

182 3895 307 3982 [Livius
335 3894 494 3960 XXXVI.
522 3898 569 3973 17,
600 3897 612 3957 1
646 3918 718 3960 eum
747 3893 825 3960 facit
856 3895 1021 3980 legatum],
1056 3895 1190 3982 denique
1223 3905 1254 3960 et
1286 3894 1398 3962 OIooro

251 4171 277 4226 1)
295 4167 346 4220 on.
365 4166 523 4218 Frontinum
542 4165 577 4229 ll,
602 4171 627 4232 4,
645 4171 662 4219 4
684 4182 710 4233 p.
722 4170 754 4218 38
774 4165 849 4229 Ded,
871 4165 1041 4218 Plutarchum
1066 4163 1123 4219 (lat.
1147 4166 1208 4217 mai.
1230 4165 1282 4218 XII
1302 4183 1326 4234 p.
1340 4170 1400 4232 409,

181 4253 331 4322 Appianum
351 4253 413 4322 Syr.
431 4251 525 4307 XVlll
543 4267 569 4320 p.
585 4255 641 4304 183.
669 4267 694 4306 u.
712 4251 745 4304 H.
764 4250 910 4304 Iordanum
932 4251 966 4304 ll.
989 4249 1097 4304 Catonis
1121 4256 1225 4320 praeter
1246 4251 1343 4303 librum
1367 4250 1399 4305 ds

181 4353 203 4392 r.
220 4355 242 4391 r.
260 4352 327 4405 quse
345 4340 452 4391 exstant
471 4354 497 4407 p.
514 4335 612 4389 LXXI.
