<?xml version="1.0" encoding="UTF-8"?>
<!DOCTYPE html PUBLIC "-//W3C//DTD XHTML 1.0 Transitional//EN"
    "http://www.w3.org/TR/xhtml1/DTD/xhtml1-transitional.dtd">
<html xmlns="http://www.w3.org/1999/xhtml" xml:lang="en" lang="en">
 <head>
  <title>
</title>
<meta http-equiv="Content-Type" content="text/html;charset=utf-8" />
  <meta name='ocr-system' content='tesseract 3.04.00' />
  <meta name='ocr-capabilities' content='ocr_page ocr_carea ocr_par ocr_line ocrx_word'/>
</head>
<body>
  <div class='ocr_page' id='page_1' title='image "./delibroquiinscr00hildgoog_0083.png"; bbox 0 0 3258 5186; ppageno 0'>
   <div class='ocr_carea' id='block_1_1' title="bbox 738 443 941 538">
    <p class='ocr_par' dir='ltr' id='par_1_1' title="bbox 738 443 941 538">
     <span class='ocr_line' id='line_1_1' title="bbox 738 443 941 538; baseline -0.005 0"><span class='ocrx_word' id='word_1_1' title='bbox 738 443 941 538; x_wconf 51' lang='lat' dir='ltr'><strong>„Iu-</strong></span> 
     </span>
    </p>
   </div>
   <div class='ocr_carea' id='block_1_2' title="bbox 233 641 1455 728">
    <p class='ocr_par' dir='ltr' id='par_1_2' title="bbox 233 641 1455 728">
     <span class='ocr_line' id='line_1_2' title="bbox 233 641 1455 728; baseline -0.001 -21"><span class='ocrx_word' id='word_1_2' title='bbox 233 641 337 728; x_wconf 87' lang='lat' dir='ltr'><strong>[Brut.</strong></span> <span class='ocrx_word' id='word_1_3' title='bbox 361 642 437 722; x_wconf 92' lang='lat' dir='ltr'><strong>XX,</strong></span> <span class='ocrx_word' id='word_1_4' title='bbox 461 643 512 723; x_wconf 88' lang='grc'><strong>80,</strong></span> <span class='ocrx_word' id='word_1_5' title='bbox 541 641 671 726; x_wconf 84' lang='lat' dir='ltr'>XXIII,</span> <span class='ocrx_word' id='word_1_6' title='bbox 701 645 754 727; x_wconf 87' lang='lat'><strong>90]</strong></span> <span class='ocrx_word' id='word_1_7' title='bbox 789 653 821 710; x_wconf 86' lang='lat' dir='ltr'><strong>et</strong></span> <span class='ocrx_word' id='word_1_8' title='bbox 851 644 968 709; x_wconf 84' lang='lat' dir='ltr'>Noster</span> <span class='ocrx_word' id='word_1_9' title='bbox 993 644 1013 708; x_wconf 96' lang='lat' dir='ltr'><strong>l.</strong></span> <span class='ocrx_word' id='word_1_10' title='bbox 1040 643 1098 727; x_wconf 77' lang='lat' dir='ltr'><strong>l.1)</strong></span> <span class='ocrx_word' id='word_1_11' title='bbox 1131 653 1261 709; x_wconf 86' lang='lat' dir='ltr'><strong>narrant</strong></span> <span class='ocrx_word' id='word_1_12' title='bbox 1294 641 1455 708; x_wconf 83' lang='lat' dir='ltr'><strong>Catonem</strong></span> 
     </span>
    </p>
   </div>
   <div class='ocr_carea' id='block_1_3' title="bbox 231 742 1455 935">
    <p class='ocr_par' dir='ltr' id='par_1_3' title="bbox 231 742 1455 935">
     <span class='ocr_line' id='line_1_3' title="bbox 232 742 1455 828; baseline -0.001 -19"><span class='ocrx_word' id='word_1_13' title='bbox 232 743 522 828; x_wconf 84' lang='lat' dir='ltr'><strong>octogenarium</strong></span> <span class='ocrx_word' id='word_1_14' title='bbox 557 742 682 812; x_wconf 78' lang='lat' dir='ltr'><strong>Galbae</strong></span> <span class='ocrx_word' id='word_1_15' title='bbox 715 745 799 812; x_wconf 88' lang='lat' dir='ltr'><strong>diem</strong></span> <span class='ocrx_word' id='word_1_16' title='bbox 832 744 949 812; x_wconf 81' lang='lat' dir='ltr'>dixisse</span> <span class='ocrx_word' id='word_1_17' title='bbox 985 744 1107 828; x_wconf 75' lang='lat' dir='ltr'><strong>[livius</strong></span> <span class='ocrx_word' id='word_1_18' title='bbox 1133 743 1293 826; x_wconf 89' lang='lat' dir='ltr'>XXXIX,</span> <span class='ocrx_word' id='word_1_19' title='bbox 1323 746 1375 827; x_wconf 87' lang='grc'><strong>40,</strong></span> <span class='ocrx_word' id='word_1_20' title='bbox 1415 745 1455 808; x_wconf 78' lang='grc'><strong>12</strong></span> 
     </span>
     <span class='ocr_line' id='line_1_4' title="bbox 231 843 1357 935; baseline 0 -25"><span class='ocrx_word' id='word_1_21' title='bbox 231 845 420 912; x_wconf 78' lang='lat' dir='ltr'><strong>Plutarchus</strong></span> <span class='ocrx_word' id='word_1_22' title='bbox 444 843 514 913; x_wconf 71' lang='lat' dir='ltr'><strong>Oai.</strong></span> <span class='ocrx_word' id='word_1_23' title='bbox 537 846 610 912; x_wconf 89' lang='lat' dir='ltr'><strong>mai.</strong></span> <span class='ocrx_word' id='word_1_24' title='bbox 632 846 705 929; x_wconf 89' lang='lat' dir='ltr'><strong>XV,</strong></span> <span class='ocrx_word' id='word_1_25' title='bbox 728 871 759 935; x_wconf 91' lang='lat' dir='ltr'><strong>p.</strong></span> <span class='ocrx_word' id='word_1_26' title='bbox 774 849 837 914; x_wconf 76' lang='lat'><strong>412</strong></span> <span class='ocrx_word' id='word_1_27' title='bbox 860 871 932 913; x_wconf 91' lang='lat' dir='ltr'><strong>eum</strong></span> <span class='ocrx_word' id='word_1_28' title='bbox 953 846 1074 912; x_wconf 83' lang='lat' dir='ltr'><strong>faciunt</strong></span> <span class='ocrx_word' id='word_1_29' title='bbox 1095 845 1357 932; x_wconf 82' lang='lat' dir='ltr'><strong>nonagenarium]</strong></span> 
     </span>
    </p>
   </div>
   <div class='ocr_carea' id='block_1_4' title="bbox 356 1031 1367 1107">
    <p class='ocr_par' dir='ltr' id='par_1_4' title="bbox 356 1031 1367 1107">
     <span class='ocr_line' id='line_1_5' title="bbox 356 1031 1367 1107; baseline 0 -16"><span class='ocrx_word' id='word_1_30' title='bbox 356 1032 416 1091; x_wconf 85' lang='lat' dir='ltr'><strong>Gic.</strong></span> <span class='ocrx_word' id='word_1_31' title='bbox 437 1032 473 1090; x_wconf 85' lang='lat' dir='ltr'><strong>de</strong></span> <span class='ocrx_word' id='word_1_32' title='bbox 492 1050 534 1094; x_wconf 91' lang='lat' dir='ltr'><strong>or.</strong></span> <span class='ocrx_word' id='word_1_33' title='bbox 555 1031 581 1106; x_wconf 97' lang='grc' dir='ltr'>Ι,</span> <span class='ocrx_word' id='word_1_34' title='bbox 601 1033 630 1107; x_wconf 86' lang='grc'><strong>9,</strong></span> <span class='ocrx_word' id='word_1_35' title='bbox 650 1033 687 1093; x_wconf 89' lang='grc'><strong>38</strong></span> <span class='ocrx_word' id='word_1_36' title='bbox 942 1039 1018 1092; x_wconf 87' lang='lat' dir='ltr'><strong>auct.</strong></span> <span class='ocrx_word' id='word_1_37' title='bbox 1039 1034 1075 1091; x_wconf 86' lang='lat' dir='ltr'><strong>de</strong></span> <span class='ocrx_word' id='word_1_38' title='bbox 1096 1033 1150 1094; x_wconf 88' lang='lat' dir='ltr'><strong>vir.</strong></span> <span class='ocrx_word' id='word_1_39' title='bbox 1170 1033 1212 1095; x_wconf 90' lang='lat' dir='ltr'><strong>ill.</strong></span> <span class='ocrx_word' id='word_1_40' title='bbox 1233 1032 1329 1104; x_wconf 88' lang='lat' dir='ltr'>LVII,</span> <span class='ocrx_word' id='word_1_41' title='bbox 1350 1035 1367 1091; x_wconf 90' lang='lat'><strong>3</strong></span> 
     </span>
    </p>
   </div>
   <div class='ocr_carea' id='block_1_5' title="bbox 230 1143 1455 1411">
    <p class='ocr_par' dir='ltr' id='par_1_5' title="bbox 230 1143 1455 1411">
     <span class='ocr_line' id='line_1_6' title="bbox 271 1143 1454 1223; baseline 0.001 -21"><span class='ocrx_word' id='word_1_42' title='bbox 271 1143 327 1220; x_wconf 80' lang='lat' dir='ltr'><strong>[Ti</strong></span> <span class='ocrx_word' id='word_1_43' title='bbox 350 1143 512 1221; x_wconf 79' lang='lat' dir='ltr'><strong>Gracchus]</strong></span> <span class='ocrx_word' id='word_1_44' title='bbox 537 1145 689 1204; x_wconf 87' lang='lat' dir='ltr'><strong>libertinos</strong></span> <span class='ocrx_word' id='word_1_45' title='bbox 713 1146 743 1204; x_wconf 93' lang='lat' dir='ltr'><strong>in</strong></span> <span class='ocrx_word' id='word_1_46' title='bbox 765 1165 812 1204; x_wconf 90' lang='lat' dir='ltr'><strong>ur·</strong></span> <span class='ocrx_word' id='word_1_47' title='bbox 904 1145 959 1222; x_wconf 82' lang='grc' dir='ltr'>[Ιί.</span> <span class='ocrx_word' id='word_1_48' title='bbox 980 1143 1144 1223; x_wconf 74' lang='lat' dir='ltr'><strong>Gracchus]</strong></span> <span class='ocrx_word' id='word_1_49' title='bbox 1166 1164 1270 1205; x_wconf 79' lang='lat' dir='ltr'><strong>censor</strong></span> <span class='ocrx_word' id='word_1_50' title='bbox 1289 1145 1454 1218; x_wconf 74' lang='lat' dir='ltr'><strong>libertinoS,</strong></span> 
     </span>
     <span class='ocr_line' id='line_1_7' title="bbox 230 1237 1455 1316; baseline -0.001 -20"><span class='ocrx_word' id='word_1_51' title='bbox 230 1239 322 1296; x_wconf 82' lang='lat' dir='ltr'><strong>banaa</strong></span> <span class='ocrx_word' id='word_1_52' title='bbox 342 1237 435 1297; x_wconf 83' lang='lat' dir='ltr'><strong>tribus</strong></span> <span class='ocrx_word' id='word_1_53' title='bbox 455 1240 614 1299; x_wconf 80' lang='lat' dir='ltr'><strong>transtulit.</strong></span> <span class='ocrx_word' id='word_1_54' title='bbox 864 1239 915 1316; x_wconf 90' lang='lat' dir='ltr'><strong>qui</strong></span> <span class='ocrx_word' id='word_1_55' title='bbox 941 1241 1064 1299; x_wconf 83' lang='lat' dir='ltr'><strong>rusticae</strong></span> <span class='ocrx_word' id='word_1_56' title='bbox 1088 1241 1180 1298; x_wconf 84' lang='lat' dir='ltr'><strong>tribus</strong></span> <span class='ocrx_word' id='word_1_57' title='bbox 1205 1248 1390 1316; x_wconf 81' lang='lat' dir='ltr'>occuparant,</span> <span class='ocrx_word' id='word_1_58' title='bbox 1423 1240 1455 1296; x_wconf 93' lang='lat' dir='ltr'><strong>in</strong></span> 
     </span>
     <span class='ocr_line' id='line_1_8' title="bbox 864 1333 1278 1411; baseline 0 -19"><span class='ocrx_word' id='word_1_59' title='bbox 864 1343 1001 1411; x_wconf 88' lang='lat' dir='ltr'><strong>quattuor</strong></span> <span class='ocrx_word' id='word_1_60' title='bbox 1020 1336 1148 1392; x_wconf 82' lang='lat' dir='ltr'><strong>urbanas</strong></span> <span class='ocrx_word' id='word_1_61' title='bbox 1169 1333 1278 1392; x_wconf 80' lang='lat' dir='ltr'><strong>divisit.</strong></span> 
     </span>
    </p>
   </div>
   <div class='ocr_carea' id='block_1_6' title="bbox 231 1526 1454 1719">
    <p class='ocr_par' dir='ltr' id='par_1_6' title="bbox 231 1526 1454 1719">
     <span class='ocr_line' id='line_1_9' title="bbox 314 1526 1454 1619; baseline 0.001 -26"><span class='ocrx_word' id='word_1_62' title='bbox 314 1529 426 1615; x_wconf 83' lang='lat' dir='ltr'>Neque</span> <span class='ocrx_word' id='word_1_63' title='bbox 453 1526 565 1596; x_wconf 78' lang='lat' dir='ltr'><strong>Cicero</strong></span> <span class='ocrx_word' id='word_1_64' title='bbox 591 1553 694 1619; x_wconf 90' lang='lat' dir='ltr'>neque</span> <span class='ocrx_word' id='word_1_65' title='bbox 720 1533 836 1596; x_wconf 80' lang='lat' dir='ltr'><strong>Noster</strong></span> <span class='ocrx_word' id='word_1_66' title='bbox 860 1555 925 1597; x_wconf 88' lang='lat' dir='ltr'><strong>rem</strong></span> <span class='ocrx_word' id='word_1_67' title='bbox 959 1530 1035 1596; x_wconf 84' lang='lat' dir='ltr'><strong>satis</strong></span> <span class='ocrx_word' id='word_1_68' title='bbox 1069 1538 1215 1596; x_wconf 80' lang='lat' dir='ltr'><strong>accurate</strong></span> <span class='ocrx_word' id='word_1_69' title='bbox 1249 1531 1454 1617; x_wconf 62' lang='lat' dir='ltr'><strong>exponunu)</strong></span> 
     </span>
     <span class='ocr_line' id='line_1_10' title="bbox 231 1629 1450 1719; baseline 0 -25"><span class='ocrx_word' id='word_1_70' title='bbox 231 1633 275 1714; x_wconf 85' lang='lat' dir='ltr'><strong>[v.</strong></span> <span class='ocrx_word' id='word_1_71' title='bbox 298 1629 455 1715; x_wconf 83' lang='lat' dir='ltr'><strong>Langium</strong></span> <span class='ocrx_word' id='word_1_72' title='bbox 478 1640 540 1696; x_wconf 90' lang='lat' dir='ltr'><strong>ant.</strong></span> <span class='ocrx_word' id='word_1_73' title='bbox 564 1632 656 1697; x_wconf 86' lang='lat' dir='ltr'><strong>Rom.</strong></span> <span class='ocrx_word' id='word_1_74' title='bbox 678 1630 722 1714; x_wconf 93' lang='lat' dir='ltr'><strong>II,</strong></span> <span class='ocrx_word' id='word_1_75' title='bbox 746 1655 775 1716; x_wconf 90' lang='lat' dir='ltr'><strong>p.</strong></span> <span class='ocrx_word' id='word_1_76' title='bbox 794 1633 855 1697; x_wconf 78' lang='lat'><strong>278</strong></span> <span class='ocrx_word' id='word_1_77' title='bbox 876 1656 906 1697; x_wconf 90' lang='lat' dir='ltr'><strong>n.</strong></span> <span class='ocrx_word' id='word_1_78' title='bbox 932 1635 960 1715; x_wconf 93' lang='lat'>1,</span> <span class='ocrx_word' id='word_1_79' title='bbox 981 1655 1012 1719; x_wconf 93' lang='lat' dir='ltr'><strong>p.</strong></span> <span class='ocrx_word' id='word_1_80' title='bbox 1030 1634 1101 1716; x_wconf 74' lang='lat'>289,</span> <span class='ocrx_word' id='word_1_81' title='bbox 1129 1642 1161 1697; x_wconf 86' lang='lat' dir='ltr'><strong>et</strong></span> <span class='ocrx_word' id='word_1_82' title='bbox 1183 1630 1360 1698; x_wconf 82' lang='lat' dir='ltr'><strong>Beckerurn</strong></span> <span class='ocrx_word' id='word_1_83' title='bbox 1383 1640 1450 1695; x_wconf 87' lang='lat' dir='ltr'><strong>ant.</strong></span> 
     </span>
    </p>
   </div>
   <div class='ocr_carea' id='block_1_7' title="bbox 229 1731 1217 1822">
    <p class='ocr_par' dir='ltr' id='par_1_7' title="bbox 229 1731 1217 1822">
     <span class='ocr_line' id='line_1_11' title="bbox 229 1731 1217 1822; baseline 0 -24"><span class='ocrx_word' id='word_1_84' title='bbox 229 1731 322 1798; x_wconf 88' lang='lat' dir='ltr'><strong>Rom.</strong></span> <span class='ocrx_word' id='word_1_85' title='bbox 346 1731 411 1814; x_wconf 85' lang='lat' dir='ltr'>II¹,</span> <span class='ocrx_word' id='word_1_86' title='bbox 435 1756 464 1820; x_wconf 92' lang='lat' dir='ltr'><strong>p.</strong></span> <span class='ocrx_word' id='word_1_87' title='bbox 482 1734 542 1797; x_wconf 82' lang='lat'><strong>196</strong></span> <span class='ocrx_word' id='word_1_88' title='bbox 564 1757 596 1799; x_wconf 90' lang='lat' dir='ltr'><strong>n.</strong></span> <span class='ocrx_word' id='word_1_89' title='bbox 618 1734 692 1816; x_wconf 90' lang='grc'>413,</span> <span class='ocrx_word' id='word_1_90' title='bbox 715 1732 844 1798; x_wconf 92' lang='lat' dir='ltr'><strong>Ihnium</strong></span> <span class='ocrx_word' id='word_1_91' title='bbox 864 1733 895 1799; x_wconf 96' lang='lat' dir='ltr'><strong>h.</strong></span> <span class='ocrx_word' id='word_1_92' title='bbox 918 1733 957 1800; x_wconf 80' lang='lat' dir='ltr'><strong>R.</strong></span> <span class='ocrx_word' id='word_1_93' title='bbox 979 1733 1038 1816; x_wconf 92' lang='lat' dir='ltr'><strong>IV,</strong></span> <span class='ocrx_word' id='word_1_94' title='bbox 1061 1758 1092 1822; x_wconf 93' lang='lat' dir='ltr'><strong>p.</strong></span> <span class='ocrx_word' id='word_1_95' title='bbox 1109 1735 1149 1798; x_wconf 77' lang='lat'><strong>29</strong></span> <span class='ocrx_word' id='word_1_96' title='bbox 1171 1733 1217 1815; x_wconf 80' lang='lat' dir='ltr'><strong>m]</strong></span> 
     </span>
    </p>
   </div>
   <div class='ocr_carea' id='block_1_8' title="bbox 340 1917 1367 1995">
    <p class='ocr_par' dir='ltr' id='par_1_8' title="bbox 340 1917 1367 1995">
     <span class='ocr_line' id='line_1_12' title="bbox 340 1917 1367 1995; baseline -0.001 -18"><span class='ocrx_word' id='word_1_97' title='bbox 340 1918 402 1979; x_wconf 72' lang='lat' dir='ltr'><strong>eie.</strong></span> <span class='ocrx_word' id='word_1_98' title='bbox 422 1919 459 1978; x_wconf 86' lang='lat' dir='ltr'><strong>(le</strong></span> <span class='ocrx_word' id='word_1_99' title='bbox 479 1920 537 1979; x_wconf 85' lang='lat' dir='ltr'><strong>div.</strong></span> <span class='ocrx_word' id='word_1_100' title='bbox 558 1919 582 1993; x_wconf 95' lang='lat' dir='ltr'><strong>I,</strong></span> <span class='ocrx_word' id='word_1_101' title='bbox 605 1921 649 1995; x_wconf 88' lang='lat'><strong>18,</strong></span> <span class='ocrx_word' id='word_1_102' title='bbox 670 1920 707 1978; x_wconf 87' lang='grc'><strong>36</strong></span> <span class='ocrx_word' id='word_1_103' title='bbox 942 1925 1019 1980; x_wconf 87' lang='lat' dir='ltr'><strong>auct.</strong></span> <span class='ocrx_word' id='word_1_104' title='bbox 1039 1920 1077 1979; x_wconf 87' lang='lat' dir='ltr'><strong>de</strong></span> <span class='ocrx_word' id='word_1_105' title='bbox 1097 1919 1152 1978; x_wconf 85' lang='lat' dir='ltr'><strong>vir.</strong></span> <span class='ocrx_word' id='word_1_106' title='bbox 1171 1920 1212 1978; x_wconf 90' lang='lat' dir='ltr'><strong>ill.</strong></span> <span class='ocrx_word' id='word_1_107' title='bbox 1234 1917 1327 1992; x_wconf 89' lang='lat' dir='ltr'>LVII,</span> <span class='ocrx_word' id='word_1_108' title='bbox 1347 1919 1367 1976; x_wconf 87' lang='grc'>4</span> 
     </span>
    </p>
   </div>
   <div class='ocr_carea' id='block_1_9' title="bbox 333 2064 1373 2236">
    <p class='ocr_par' dir='ltr' id='par_1_9' title="bbox 333 2064 1373 2236">
     <span class='ocr_line' id='line_1_13' title="bbox 333 2064 1373 2139; baseline -0.003 -14"><span class='ocrx_word' id='word_1_109' title='bbox 333 2065 391 2126; x_wconf 86' lang='lat' dir='ltr'><strong>Gic.</strong></span> <span class='ocrx_word' id='word_1_110' title='bbox 413 2067 449 2125; x_wconf 88' lang='lat' dir='ltr'><strong>de</strong></span> <span class='ocrx_word' id='word_1_111' title='bbox 469 2084 510 2124; x_wconf 88' lang='lat' dir='ltr'><strong>or.</strong></span> <span class='ocrx_word' id='word_1_112' title='bbox 531 2065 570 2135; x_wconf 93' lang='grc' dir='ltr'><strong>ΙΙ,</strong></span> <span class='ocrx_word' id='word_1_113' title='bbox 591 2065 637 2139; x_wconf 78' lang='grc'><strong>25,</strong></span> <span class='ocrx_word' id='word_1_114' title='bbox 661 2065 715 2124; x_wconf 88' lang='grc'><strong>106</strong></span> <span class='ocrx_word' id='word_1_115' title='bbox 935 2072 1010 2126; x_wconf 88' lang='lat' dir='ltr'><strong>auct.</strong></span> <span class='ocrx_word' id='word_1_116' title='bbox 1031 2067 1066 2122; x_wconf 88' lang='lat' dir='ltr'><strong>de</strong></span> <span class='ocrx_word' id='word_1_117' title='bbox 1086 2065 1138 2123; x_wconf 86' lang='lat' dir='ltr'><strong>vir.</strong></span> <span class='ocrx_word' id='word_1_118' title='bbox 1159 2064 1201 2125; x_wconf 92' lang='lat' dir='ltr'><strong>ill.</strong></span> <span class='ocrx_word' id='word_1_119' title='bbox 1222 2064 1334 2137; x_wconf 87' lang='lat' dir='ltr'>LVIII,</span> <span class='ocrx_word' id='word_1_120' title='bbox 1355 2064 1373 2122; x_wconf 89' lang='lat'>8</span> 
     </span>
     <span class='ocr_line' id='line_1_14' title="bbox 451 2159 772 2236; baseline -0.006 -17"><span class='ocrx_word' id='word_1_121' title='bbox 451 2160 502 2219; x_wconf 86' lang='lat' dir='ltr'><strong>cfr.</strong></span> <span class='ocrx_word' id='word_1_122' title='bbox 522 2179 575 2236; x_wconf 89' lang='lat' dir='ltr'><strong>pro</strong></span> <span class='ocrx_word' id='word_1_123' title='bbox 595 2160 657 2219; x_wconf 93' lang='lat' dir='ltr'><strong>Mil.</strong></span> <span class='ocrx_word' id='word_1_124' title='bbox 679 2159 733 2234; x_wconf 95' lang='lat' dir='ltr'>III,</span> <span class='ocrx_word' id='word_1_125' title='bbox 755 2161 772 2218; x_wconf 91' lang='lat'>8</span> 
     </span>
    </p>
   </div>
   <div class='ocr_carea' id='block_1_10' title="bbox 268 2286 1454 2365">
    <p class='ocr_par' dir='ltr' id='par_1_10' title="bbox 268 2286 1454 2365">
     <span class='ocr_line' id='line_1_15' title="bbox 268 2286 1454 2365; baseline -0.001 -20"><span class='ocrx_word' id='word_1_126' title='bbox 268 2287 302 2347; x_wconf 90' lang='lat' dir='ltr'><strong>P.</strong></span> <span class='ocrx_word' id='word_1_127' title='bbox 333 2288 488 2348; x_wconf 84' lang='lat' dir='ltr'><strong>Africanus</strong></span> <span class='ocrx_word' id='word_1_128' title='bbox 523 2289 558 2346; x_wconf 89' lang='lat' dir='ltr'><strong>de</strong></span> <span class='ocrx_word' id='word_1_129' title='bbox 594 2289 642 2346; x_wconf 89' lang='lat' dir='ltr'><strong>Ti.</strong></span> <span class='ocrx_word' id='word_1_130' title='bbox 677 2287 811 2348; x_wconf 82' lang='lat' dir='ltr'><strong>Graccho</strong></span> <span class='ocrx_word' id='word_1_131' title='bbox 904 2288 951 2365; x_wconf 89' lang='lat' dir='ltr'><strong>[P.</strong></span> <span class='ocrx_word' id='word_1_132' title='bbox 979 2288 1148 2364; x_wconf 87' lang='lat' dir='ltr'><strong>Africanus]</strong></span> <span class='ocrx_word' id='word_1_133' title='bbox 1180 2286 1342 2345; x_wconf 81' lang='lat' dir='ltr'><strong>Gracchum</strong></span> <span class='ocrx_word' id='word_1_134' title='bbox 1372 2288 1454 2344; x_wconf 85' lang='lat' dir='ltr'><strong>iure</strong></span> 
     </span>
    </p>
   </div>
   <div class='ocr_carea' id='block_1_11' title="bbox 229 2380 1352 2555">
    <p class='ocr_par' dir='ltr' id='par_1_11' title="bbox 229 2380 1352 2555">
     <span class='ocr_line' id='line_1_16' title="bbox 229 2380 1352 2460; baseline -0.001 -20"><span class='ocrx_word' id='word_1_135' title='bbox 229 2381 423 2460; x_wconf 81' lang='lat' dir='ltr'><strong>interroganti</strong></span> <span class='ocrx_word' id='word_1_136' title='bbox 452 2381 605 2458; x_wconf 81' lang='lat' dir='ltr'><strong>[Carboni]</strong></span> <span class='ocrx_word' id='word_1_137' title='bbox 636 2382 715 2441; x_wconf 87' lang='lat' dir='ltr'><strong>iure</strong></span> <span class='ocrx_word' id='word_1_138' title='bbox 739 2401 812 2443; x_wconf 87' lang='lat' dir='ltr'><strong>cae·</strong></span> <span class='ocrx_word' id='word_1_139' title='bbox 864 2403 1007 2443; x_wconf 82' lang='lat' dir='ltr'><strong>caesum</strong></span> <span class='ocrx_word' id='word_1_140' title='bbox 1027 2382 1141 2441; x_wconf 84' lang='lat' dir='ltr'><strong>videri</strong></span> <span class='ocrx_word' id='word_1_141' title='bbox 1161 2380 1352 2457; x_wconf 77' lang='lat' dir='ltr'><strong>respondit.</strong></span> 
     </span>
     <span class='ocr_line' id='line_1_17' title="bbox 230 2477 654 2555; baseline 0.007 -20"><span class='ocrx_word' id='word_1_142' title='bbox 230 2495 304 2535; x_wconf 86' lang='lat' dir='ltr'><strong>sum</strong></span> <span class='ocrx_word' id='word_1_143' title='bbox 325 2477 439 2535; x_wconf 83' lang='lat' dir='ltr'><strong>videri</strong></span> <span class='ocrx_word' id='word_1_144' title='bbox 458 2477 654 2555; x_wconf 86' lang='lat' dir='ltr'><strong>respondit.</strong></span> 
     </span>
    </p>
   </div>
   <div class='ocr_carea' id='block_1_12' title="bbox 356 2650 1361 2730">
    <p class='ocr_par' dir='ltr' id='par_1_12' title="bbox 356 2650 1361 2730">
     <span class='ocr_line' id='line_1_18' title="bbox 356 2650 1361 2730; baseline -0.005 -16"><span class='ocrx_word' id='word_1_145' title='bbox 356 2653 418 2714; x_wconf 81' lang='lat' dir='ltr'><strong>Cin.</strong></span> <span class='ocrx_word' id='word_1_146' title='bbox 440 2655 525 2715; x_wconf 89' lang='lat' dir='ltr'><strong>Tusc.</strong></span> <span class='ocrx_word' id='word_1_147' title='bbox 545 2656 570 2730; x_wconf 94' lang='lat' dir='ltr'><strong>l,</strong></span> <span class='ocrx_word' id='word_1_148' title='bbox 592 2654 637 2729; x_wconf 83' lang='lat'><strong>35,</strong></span> <span class='ocrx_word' id='word_1_149' title='bbox 659 2655 696 2714; x_wconf 82' lang='lat'><strong>85</strong></span> <span class='ocrx_word' id='word_1_150' title='bbox 954 2667 1028 2717; x_wconf 88' lang='lat' dir='ltr'><strong>auct.</strong></span> <span class='ocrx_word' id='word_1_151' title='bbox 1050 2657 1087 2717; x_wconf 92' lang='lat' dir='ltr'><strong>de</strong></span> <span class='ocrx_word' id='word_1_152' title='bbox 1107 2657 1159 2716; x_wconf 86' lang='lat' dir='ltr'><strong>vir.</strong></span> <span class='ocrx_word' id='word_1_153' title='bbox 1180 2655 1223 2713; x_wconf 91' lang='lat' dir='ltr'><strong>ill.</strong></span> <span class='ocrx_word' id='word_1_154' title='bbox 1244 2652 1322 2725; x_wconf 89' lang='lat' dir='ltr'>LXI,</span> <span class='ocrx_word' id='word_1_155' title='bbox 1344 2650 1361 2709; x_wconf 90' lang='grc'><strong>6</strong></span> 
     </span>
    </p>
   </div>
   <div class='ocr_carea' id='block_1_13' title="bbox 864 2784 1452 3033">
    <p class='ocr_par' dir='ltr' id='par_1_13' title="bbox 864 2784 1452 3033">
     <span class='ocr_line' id='line_1_19' title="bbox 864 2784 1452 2862; baseline -0.007 -20"><span class='ocrx_word' id='word_1_156' title='bbox 864 2786 912 2844; x_wconf 89' lang='lat' dir='ltr'><strong>hic</strong></span> <span class='ocrx_word' id='word_1_157' title='bbox 926 2793 1062 2862; x_wconf 86' lang='lat' dir='ltr'><strong>quattuor</strong></span> <span class='ocrx_word' id='word_1_158' title='bbox 1075 2784 1200 2843; x_wconf 84' lang='lat' dir='ltr'><strong>liliorum</strong></span> <span class='ocrx_word' id='word_1_159' title='bbox 1213 2790 1298 2860; x_wconf 85' lang='lat' dir='ltr'><strong>pater</strong></span> <span class='ocrx_word' id='word_1_160' title='bbox 1309 2797 1452 2859; x_wconf 84' lang='lat' dir='ltr'><strong>supremo</strong></span> 
     </span>
     <span class='ocr_line' id='line_1_20' title="bbox 864 2875 1452 2956; baseline -0.012 -18"><span class='ocrx_word' id='word_1_161' title='bbox 864 2889 994 2956; x_wconf 84' lang='lat' dir='ltr'><strong>tempore</strong></span> <span class='ocrx_word' id='word_1_162' title='bbox 1012 2879 1141 2938; x_wconf 81' lang='lat' dir='ltr'><strong>humeris</strong></span> <span class='ocrx_word' id='word_1_163' title='bbox 1166 2897 1264 2937; x_wconf 88' lang='lat' dir='ltr'><strong>eorum</strong></span> <span class='ocrx_word' id='word_1_164' title='bbox 1290 2875 1326 2936; x_wconf 84' lang='lat' dir='ltr'><strong>ad</strong></span> <span class='ocrx_word' id='word_1_165' title='bbox 1351 2875 1452 2952; x_wconf 85' lang='lat' dir='ltr'>sepul-</span> 
     </span>
     <span class='ocr_line' id='line_1_21' title="bbox 864 2974 1162 3033; baseline -0.003 -1"><span class='ocrx_word' id='word_1_166' title='bbox 864 2993 945 3033; x_wconf 86' lang='lat' dir='ltr'><strong>crum</strong></span> <span class='ocrx_word' id='word_1_167' title='bbox 964 2974 1040 3032; x_wconf 84' lang='lat' dir='ltr'>latus</span> <span class='ocrx_word' id='word_1_168' title='bbox 1060 2981 1105 3032; x_wconf 82' lang='lat' dir='ltr'><strong>eet</strong></span> <span class='ocrx_word' id='word_1_169' title='bbox 1124 3005 1162 3016; x_wconf 93' lang='lat'>-</span> 
     </span>
    </p>
   </div>
   <div class='ocr_carea' id='block_1_14' title="bbox 336 3167 771 3335">
    <p class='ocr_par' dir='ltr' id='par_1_14' title="bbox 336 3167 771 3335">
     <span class='ocr_line' id='line_1_22' title="bbox 336 3167 707 3240; baseline -0.011 -10"><span class='ocrx_word' id='word_1_170' title='bbox 336 3167 707 3240; x_wconf 56' lang='lat' dir='ltr'><strong>QMMMQM</strong></span> 
     </span>
     <span class='ocr_line' id='line_1_23' title="bbox 528 3261 771 3335; baseline -0.008 -15"><span class='ocrx_word' id='word_1_171' title='bbox 528 3261 611 3322; x_wconf 88' lang='lat' dir='ltr'><strong>Brut.</strong></span> <span class='ocrx_word' id='word_1_172' title='bbox 633 3261 717 3335; x_wconf 88' lang='lat' dir='ltr'>XXI,</span> <span class='ocrx_word' id='word_1_173' title='bbox 738 3262 771 3319; x_wconf 86' lang='lat'><strong>81</strong></span> 
     </span>
    </p>
   </div>
   <div class='ocr_carea' id='block_1_15' title="bbox 231 3387 1452 3657">
    <p class='ocr_par' dir='ltr' id='par_1_15' title="bbox 231 3387 1452 3657">
     <span class='ocr_line' id='line_1_24' title="bbox 272 3387 1450 3469; baseline -0.005 -17"><span class='ocrx_word' id='word_1_174' title='bbox 272 3393 304 3466; x_wconf 81' lang='lat' dir='ltr'><strong>Q.</strong></span> <span class='ocrx_word' id='word_1_175' title='bbox 336 3393 471 3452; x_wconf 84' lang='lat' dir='ltr'>Metellus</span> <span class='ocrx_word' id='word_1_176' title='bbox 501 3398 576 3451; x_wconf 87' lang='lat' dir='ltr'><strong>tres</strong></span> <span class='ocrx_word' id='word_1_177' title='bbox 607 3390 707 3448; x_wconf 86' lang='lat' dir='ltr'><strong>filins</strong></span> <span class='ocrx_word' id='word_1_178' title='bbox 737 3409 814 3448; x_wconf 90' lang='lat' dir='ltr'><strong>con·</strong></span> <span class='ocrx_word' id='word_1_179' title='bbox 866 3415 882 3453; x_wconf 87' lang='lat' dir='ltr'>e</span> <span class='ocrx_word' id='word_1_180' title='bbox 932 3393 1059 3469; x_wconf 87' lang='lat' dir='ltr'><strong>quibus</strong></span> <span class='ocrx_word' id='word_1_181' title='bbox 1110 3400 1185 3447; x_wconf 84' lang='lat' dir='ltr'><strong>tres</strong></span> <span class='ocrx_word' id='word_1_182' title='bbox 1236 3387 1450 3447; x_wconf 85' lang='lat' dir='ltr'><strong>consulares</strong></span> 
     </span>
     <span class='ocr_line' id='line_1_25' title="bbox 231 3483 1452 3557; baseline -0.006 -12"><span class='ocrx_word' id='word_1_183' title='bbox 231 3487 369 3545; x_wconf 86' lang='lat' dir='ltr'><strong>sulares</strong></span> <span class='ocrx_word' id='word_1_184' title='bbox 409 3487 516 3557; x_wconf 85' lang='lat' dir='ltr'><strong>vidit,</strong></span> <span class='ocrx_word' id='word_1_185' title='bbox 563 3504 666 3543; x_wconf 89' lang='lat' dir='ltr'><strong>unum</strong></span> <span class='ocrx_word' id='word_1_186' title='bbox 706 3485 815 3542; x_wconf 85' lang='lat' dir='ltr'><strong>etiarn</strong></span> <span class='ocrx_word' id='word_1_187' title='bbox 865 3507 973 3546; x_wconf 88' lang='lat' dir='ltr'><strong>unum</strong></span> <span class='ocrx_word' id='word_1_188' title='bbox 1017 3487 1122 3544; x_wconf 79' lang='lat' dir='ltr'><strong>etiam</strong></span> <span class='ocrx_word' id='word_1_189' title='bbox 1166 3483 1452 3557; x_wconf 77' lang='lat' dir='ltr'><strong>triumphantem</strong></span> 
     </span>
     <span class='ocr_line' id='line_1_26' title="bbox 231 3579 966 3657; baseline 0.001 -19"><span class='ocrx_word' id='word_1_190' title='bbox 231 3599 380 3639; x_wconf 83' lang='lat' dir='ltr'><strong>censorem</strong></span> <span class='ocrx_word' id='word_1_191' title='bbox 400 3586 430 3639; x_wconf 91' lang='lat' dir='ltr'><strong>et</strong></span> <span class='ocrx_word' id='word_1_192' title='bbox 450 3579 736 3657; x_wconf 88' lang='lat' dir='ltr'><strong>triumphantem.</strong></span> <span class='ocrx_word' id='word_1_193' title='bbox 866 3581 966 3640; x_wconf 88' lang='lat' dir='ltr'><strong>vidit.</strong></span> 
     </span>
    </p>
   </div>
   <div class='ocr_carea' id='block_1_16' title="bbox 329 3754 1367 3838">
    <p class='ocr_par' dir='ltr' id='par_1_16' title="bbox 329 3754 1367 3838">
     <span class='ocr_line' id='line_1_27' title="bbox 329 3754 1367 3838; baseline -0.009 -17"><span class='ocrx_word' id='word_1_194' title='bbox 329 3760 388 3822; x_wconf 87' lang='lat' dir='ltr'><strong>Gic.</strong></span> <span class='ocrx_word' id='word_1_195' title='bbox 409 3781 461 3838; x_wconf 86' lang='lat' dir='ltr'><strong>pro</strong></span> <span class='ocrx_word' id='word_1_196' title='bbox 481 3761 556 3822; x_wconf 83' lang='lat' dir='ltr'><strong>Sest.</strong></span> <span class='ocrx_word' id='word_1_197' title='bbox 576 3763 660 3833; x_wconf 86' lang='lat' dir='ltr'>XVI,</span> <span class='ocrx_word' id='word_1_198' title='bbox 681 3763 716 3821; x_wconf 77' lang='lat'><strong>37</strong></span> <span class='ocrx_word' id='word_1_199' title='bbox 942 3770 1017 3820; x_wconf 89' lang='lat' dir='ltr'><strong>auct.</strong></span> <span class='ocrx_word' id='word_1_200' title='bbox 1038 3761 1075 3819; x_wconf 84' lang='lat' dir='ltr'><strong>de</strong></span> <span class='ocrx_word' id='word_1_201' title='bbox 1095 3759 1148 3817; x_wconf 86' lang='lat' dir='ltr'><strong>vir.</strong></span> <span class='ocrx_word' id='word_1_202' title='bbox 1169 3756 1212 3813; x_wconf 94' lang='lat' dir='ltr'><strong>ill.</strong></span> <span class='ocrx_word' id='word_1_203' title='bbox 1232 3756 1329 3826; x_wconf 88' lang='lat' dir='ltr'>LXII,</span> <span class='ocrx_word' id='word_1_204' title='bbox 1350 3754 1367 3812; x_wconf 69' lang='grc' dir='ltr'>Ι</span> 
     </span>
    </p>
   </div>
   <div class='ocr_carea' id='block_1_17' title="bbox 231 3883 1453 4065">
    <p class='ocr_par' dir='ltr' id='par_1_17' title="bbox 231 3883 1453 4065">
     <span class='ocr_line' id='line_1_28' title="bbox 271 3883 1453 3970; baseline -0.008 -19"><span class='ocrx_word' id='word_1_205' title='bbox 271 3892 430 3969; x_wconf 82' lang='lat' dir='ltr'>[Metellus]</span> <span class='ocrx_word' id='word_1_206' title='bbox 450 3909 525 3950; x_wconf 82' lang='lat' dir='ltr'><strong>unus</strong></span> <span class='ocrx_word' id='word_1_207' title='bbox 550 3891 587 3949; x_wconf 91' lang='lat' dir='ltr'><strong>in</strong></span> <span class='ocrx_word' id='word_1_208' title='bbox 609 3892 722 3970; x_wconf 81' lang='lat' dir='ltr'>legem</span> <span class='ocrx_word' id='word_1_209' title='bbox 751 3912 815 3967; x_wconf 87' lang='lat' dir='ltr'><strong>per</strong></span> <span class='ocrx_word' id='word_1_210' title='bbox 905 3889 1063 3967; x_wconf 85' lang='lat' dir='ltr'>[Metellus]</span> <span class='ocrx_word' id='word_1_211' title='bbox 1085 3888 1120 3945; x_wconf 94' lang='lat' dir='ltr'><strong>in</strong></span> <span class='ocrx_word' id='word_1_212' title='bbox 1140 3887 1253 3964; x_wconf 85' lang='lat' dir='ltr'>legem</span> <span class='ocrx_word' id='word_1_213' title='bbox 1273 3883 1453 3963; x_wconf 87' lang='lat' dir='ltr'><strong>Appuleiam</strong></span> 
     </span>
     <span class='ocr_line' id='line_1_29' title="bbox 231 3977 1452 4065; baseline -0.003 -23"><span class='ocrx_word' id='word_1_214' title='bbox 231 3985 303 4042; x_wconf 86' lang='lat' dir='ltr'><strong>vim</strong></span> <span class='ocrx_word' id='word_1_215' title='bbox 324 3987 431 4045; x_wconf 88' lang='lat' dir='ltr'><strong>latam</strong></span> <span class='ocrx_word' id='word_1_216' title='bbox 450 3986 570 4044; x_wconf 89' lang='lat' dir='ltr'><strong>iurare</strong></span> <span class='ocrx_word' id='word_1_217' title='bbox 589 3986 766 4044; x_wconf 87' lang='lat' dir='ltr'><strong>noluerat.</strong></span> <span class='ocrx_word' id='word_1_218' title='bbox 866 4005 926 4065; x_wconf 88' lang='lat' dir='ltr'><strong>per</strong></span> <span class='ocrx_word' id='word_1_219' title='bbox 947 3984 1015 4044; x_wconf 87' lang='lat' dir='ltr'><strong>vim</strong></span> <span class='ocrx_word' id='word_1_220' title='bbox 1035 3983 1147 4042; x_wconf 85' lang='lat' dir='ltr'><strong>latam</strong></span> <span class='ocrx_word' id='word_1_221' title='bbox 1173 3981 1295 4039; x_wconf 89' lang='lat' dir='ltr'><strong>iurare</strong></span> <span class='ocrx_word' id='word_1_222' title='bbox 1323 3977 1452 4038; x_wconf 90' lang='lat' dir='ltr'><strong>noluit.</strong></span> 
     </span>
    </p>
   </div>
   <div class='ocr_carea' id='block_1_18' title="bbox 301 4248 824 4400">
    <p class='ocr_par' dir='ltr' id='par_1_18' title="bbox 301 4248 824 4400">
     <span class='ocr_line' id='line_1_30' title="bbox 303 4248 824 4318; baseline -0.002 -13"><span class='ocrx_word' id='word_1_223' title='bbox 303 4252 328 4318; x_wconf 92' lang='lat'><strong>1)</strong></span> <span class='ocrx_word' id='word_1_224' title='bbox 346 4269 372 4306; x_wconf 78' lang='lat' dir='ltr'><strong>v.</strong></span> <span class='ocrx_word' id='word_1_225' title='bbox 391 4251 508 4304; x_wconf 86' lang='lat' dir='ltr'><strong>Plinium</strong></span> <span class='ocrx_word' id='word_1_226' title='bbox 526 4248 551 4303; x_wconf 94' lang='lat' dir='ltr'><strong>h.</strong></span> <span class='ocrx_word' id='word_1_227' title='bbox 571 4265 596 4302; x_wconf 91' lang='lat' dir='ltr'><strong>n.</strong></span> <span class='ocrx_word' id='word_1_228' title='bbox 616 4248 719 4312; x_wconf 88' lang='lat' dir='ltr'>XXIX,</span> <span class='ocrx_word' id='word_1_229' title='bbox 741 4254 764 4315; x_wconf 90' lang='lat'>1,</span> <span class='ocrx_word' id='word_1_230' title='bbox 783 4252 824 4304; x_wconf 74' lang='lat'><strong>15.</strong></span> 
     </span>
     <span class='ocr_line' id='line_1_31' title="bbox 301 4335 743 4400; baseline 0 -14"><span class='ocrx_word' id='word_1_231' title='bbox 301 4339 327 4400; x_wconf 78' lang='lat'><strong>2)</strong></span> <span class='ocrx_word' id='word_1_232' title='bbox 346 4336 397 4396; x_wconf 78' lang='lat' dir='ltr'><strong>Gir.</strong></span> <span class='ocrx_word' id='word_1_233' title='bbox 416 4337 520 4394; x_wconf 82' lang='lat' dir='ltr'><strong>Livium</strong></span> <span class='ocrx_word' id='word_1_234' title='bbox 539 4335 683 4398; x_wconf 87' lang='lat' dir='ltr'>XXXXV,</span> <span class='ocrx_word' id='word_1_235' title='bbox 704 4337 743 4386; x_wconf 78' lang='lat'><strong>15.</strong></span> 
     </span>
    </p>
   </div>
   <div class='ocr_carea' id='block_1_19' title="bbox 0 0 1634 5186">
    <p class='ocr_par' dir='ltr' id='par_1_19' title="bbox 0 0 1634 5186">
     <span class='ocr_line' id='line_1_32' title="bbox 0 0 1634 5186; baseline 0 1"><span class='ocrx_word' id='word_1_236' title='bbox 0 0 1634 5186; x_wconf 95' lang='lat' dir='ltr'><strong> </strong></span> 
     </span>
    </p>
   </div>
  </div>
 </body>
</html>
