3218 5174
841 433 881 500 56

255 631 455 704 referendum
488 641 566 716 esse,
600 636 754 704 Nostrum
786 647 892 704 autem
923 637 1028 726 ipsum
1059 635 1189 702 Florum
1221 659 1286 702 non
1319 635 1486 724 expilasse

255 758 353 823 supra
379 739 584 819 ostendimus,
618 738 679 804 hoc
704 739 782 806 mihi
810 738 933 806 videtur
959 750 1105 804 constare
1138 748 1297 804 auctorem
1331 748 1486 802 nostrum

143 887 148 904 .
255 846 377 902 retento
400 838 536 908 vitarum
559 840 668 905 ordine
690 841 851 930 praecipui
879 841 963 905 illius
990 839 1077 906 ducis
1105 861 1184 925 opus
1210 839 1244 903 in
1269 840 1366 906 breve
1400 861 1486 905 con-

255 941 391 1008 traxisse
414 953 506 1029 atque
521 941 560 1006 -id
586 941 659 1008 iude
686 965 811 1029 quoque
838 951 934 1030 patet,
970 941 1054 1028 quod
1080 951 1144 1006 tres
1166 939 1369 1006 Metellorum
1393 943 1484 1005 vitas

256 1051 288 1107 et
319 1042 435 1109 Noster
470 1043 509 1128 [c.
537 1042 785 1126 LXI-LXIH]
821 1055 852 1110 et
885 1044 1051 1130 Ampelius
1077 1041 1222 1128 [XVIIL
1254 1042 1305 1127 14]
1340 1064 1485 1107 conexas
1584 1103 1585 1110 ,

255 1155 441 1231 proponunt.
551 1155 554 1162 “

340 1245 435 1327 Quod
469 1270 541 1312 euru
567 1246 649 1311 forte
681 1245 809 1320 fortuna
838 1248 868 1311 in
897 1247 955 1312 has
988 1245 1186 1312 Metellorum
1220 1246 1303 1311 vitas
1330 1246 1486 1311 incideri-

255 1371 333 1428 muS,
367 1348 530 1434 permittas
556 1348 652 1413 velim
679 1356 714 1411 ut
739 1347 798 1412 hoc
824 1348 894 1414 loco
928 1347 1037 1434 paucis
1071 1371 1138 1413 eam
1174 1348 1359 1413 adumbrem
1394 1347 1486 1412 diffi-

257 1448 416 1530 cultatem,
451 1472 541 1535 quae‚
576 1449 720 1535 quamvis
752 1448 893 1534 expediri
925 1449 977 1514 vix
1005 1449 1111 1534 possit,
1144 1459 1250 1513 tamen
1279 1449 1312 1513 in
1340 1449 1401 1514 hac
1426 1473 1487 1538 po-

256 1549 412 1614 tissimum
434 1548 474 1614 de
497 1551 627 1630 ratione,
664 1573 727 1636 qua
749 1549 883 1636 scriptus
905 1550 946 1615 sit
973 1550 1055 1614 liber
1080 1559 1197 1628 noster,
1230 1552 1414 1634 quaestione
1441 1551 1485 1615 si-

256 1649 354 1714 lentio
377 1672 441 1715 non
463 1650 539 1715 licet
558 1651 784 1738 praetermitti„
820 1660 924 1716 exstat
943 1651 1027 1716 enim
1054 1650 1087 1714 in
1110 1650 1230 1715 Metelli
1252 1650 1304 1715 Pii
1325 1651 1394 1718 vita
1415 1676 1484 1716 non

256 1752 334 1816 levis
349 1751 430 1816 inter
445 1752 630 1836 Ampelium
645 1768 677 1817 et
691 1753 842 1817 Nostrum
858 1752 1077 1840 discrepantia,
1101 1773 1170 1816 cum
1186 1750 1274 1833 hio1)
1294 1754 1332 1834 [c.
1347 1752 1482 1836 LXIII]

257 1855 331 1940 quia
357 1863 479 1939 patrem
506 1853 642 1919 lacrimis
670 1863 702 1918 et
734 1855 878 1942 precibus
912 1854 1037 1920 assidue
1069 1864 1251 1917 revocasset
1277 1852 1372 1918 Pium
1408 1879 1485 1920 eum

257 1955 517 2040 cognominatum
544 1979 613 2022 esse
641 1954 755 2032 tradat,
789 1955 852 2036 ille,
886 1957 960 2042 quia
987 1967 1108 2043 patrem
1134 1954 1168 2018 in
1195 1955 1324 2020 exilium
1352 1967 1485 2022 secutus
1585 2009 1586 2050 ,

259 2069 349 2122 esset.
417 2055 457 2120 ad
494 2081 589 2144 quam
630 2057 873 2143 discrepantiam
912 2057 1068 2122 accedunt
1107 2055 1166 2120 hae
1210 2055 1305 2122 duae:
1361 2059 1486 2124 Noster

261 2159 300 2239 [c.
316 2156 459 2239 XXXII,
484 2160 515 2244 1]
541 2158 697 2240 Quintum
715 2157 742 2220 F
744 2158 850 2222 abiam
871 2159 1001 2224 Rullum
1023 2159 1068 2223 ob
1096 2159 1278 2224 virtutem
1299 2157 1484 2224 Maximum

259 2259 375 2324 dictum
390 2281 459 2324 esse
469 2261 586 2341 scribit,
599 2258 775 2346 AmpeliuS,
790 2282 923 2345 quocum
935 2260 1031 2326 ceteri
1043 2281 1150 2324 omnes
1164 2269 1309 2326 auctores
1321 2263 1484 2327 consenti·
1585 2315 1586 2322 ,

257 2370 323 2442 uut,
338 2360 424 2447 quod
438 2361 618 2441 „libertinos
631 2384 647 2427 c
658 2359 804 2427 tribubus
816 2361 1083 2449 repurgavisset“;
1096 2360 1210 2426 deinde
1222 2362 1339 2427 Noster
1350 2362 1483 2428 Lartem

259 2462 461 2527 Tolumnium
482 2462 562 2526 facit
584 2462 692 2528 ducem
715 2461 914 2527 Fidenatium
940 2464 980 2545 [c.
996 2462 1120 2548 XXV],
1143 2463 1310 2550 Ampelius
1335 2462 1482 2547 [XXXI]

278 2586 369 2648 egem
396 2562 581 2632 Veientium.
628 2563 667 2629 de
689 2562 802 2649 quibus
824 2565 918 2630 rebus
940 2562 1017 2649 quid
1039 2564 1242 2629 iudicandum
1264 2564 1314 2644 sit,
1341 2565 1484 2631 incertus

265 2688 352 2746 sum,
386 2663 528 2752 proxime
558 2672 663 2728 autem
690 2663 732 2728 ad
759 2665 924 2730 veritatem
949 2664 1027 2728 mihi
1053 2665 1200 2729 videntur
1227 2665 1390 2747 accedere,
1428 2667 1484 2752 qui

260 2775 394 2831 censent
415 2787 517 2850 neque
538 2763 645 2828 Nostri
666 2788 770 2851 neque
791 2765 932 2852 Ampelii
953 2766 1068 2832 librum
1090 2788 1213 2852 semper
1234 2766 1373 2852 integras
1396 2791 1484 2833 com-

260 2867 364 2930 munis
386 2866 470 2930 illius
492 2865 628 2930 auctoris
650 2866 813 2954 opiniones
835 2866 969 2947 tradere,
997 2866 1050 2931 sed
1075 2867 1124 2933 vel
1147 2869 1187 2932 ab
1210 2868 1275 2933 illis
1298 2869 1482 2934 auctoribus

260 2966 339 3054 ipsis
368 2975 552 3031 retractatas
582 2967 632 3032 vel
660 2990 680 3031 a
705 2969 811 3032 nescio
840 2991 901 3055 quo
929 2967 1056 3032 librario
1089 2968 1287 3055 depravatas.
1334 2971 1421 3058 quod
1456 2971 1482 3035 si

260 3092 366 3134 verum
391 3077 448 3148 est,
477 3066 585 3131 eodem
608 3068 741 3135 fortasse
770 3072 916 3157 pertinet,
946 3069 1029 3156 quod
1053 3070 1083 3134 in
1107 3070 1187 3134 libro
1214 3082 1338 3151 nostro,
1367 3073 1423 3137 ubi
1447 3073 1482 3137 in

259 3170 440 3234 universum
461 3169 682 3250 gravissimum
704 3171 842 3258 quidque
864 3195 927 3236 nou
950 3173 1017 3236 sine
1039 3170 1143 3256 aliquo
1157 3170 1274 3236 iudicio
1289 3174 1482 3260 ingenioque

260 3268 394 3333 electum
408 3267 530 3333 invenit
545 3270 658 3350 locum,
674 3271 832 3337 interdum
846 3272 1069 3337 nonnullarum
1084 3295 1186 3337 rerum
1202 3275 1482 3339 celeberrimarum

259 3393 299 3434 ne
330 3370 445 3435 mentio
475 3371 602 3456 quidem
622 3372 668 3452 fit,
703 3374 788 3438 velut
814 3375 847 3439 iu
870 3371 996 3440 Camilli
1025 3374 1090 3437 vita
1115 3375 1253 3440 incendii
1279 3375 1413 3456 Romae,
1448 3377 1481 3440 in
1586 3399 1587 3420 ³

261 3469 413 3536 Cicerone
437 3469 640 3537 Catilinariae
661 3474 744 3538 illius
767 3474 992 3540 coniurationis
1015 3476 1112 3560 cet.'²)
1157 3499 1347 3563 quamquam
1370 3500 1482 3542 vereor

228 3595 231 3598 ·
259 3595 300 3636 ne
323 3571 400 3637 haec
422 3573 537 3638 rectius
560 3573 675 3638 Nostro
697 3575 758 3663 ipsi
782 3576 858 3642 vitio
882 3576 1034 3640 vertenda
1056 3578 1119 3641 sint
1141 3587 1236 3664 atque
1257 3579 1291 3643 in
1312 3601 1480 3643 numerum

261 3696 403 3740 errorum
424 3696 442 3739 e
467 3674 564 3740 nimio
594 3670 757 3742 brevitatis
785 3678 888 3743 studio
917 3676 1128 3764 profectorum
1155 3679 1278 3746 cadant.
1324 3679 1377 3766 qni
1404 3689 1481 3766 quot

260 3774 432 3860 qualesque
454 3774 528 3856 siut,
551 3775 634 3840 infra
657 3800 859 3865 exponemus
882 3781 1042 3844 nunciam
1058 3782 1164 3846 omnia
1179 3781 1372 3867 colligamus,
1397 3804 1480 3866 quae

261 3875 323 3956 nisi
346 3875 430 3963 apud
452 3887 612 3943 auctorem
635 3877 673 3942 de
695 3881 751 3958 vir.
775 3881 817 3945 ill.
840 3904 994 3967 nusquam
1017 3881 1117 3962 relata
1139 3882 1283 3968 legimus

333 4149 356 4212 1)
375 4162 402 4201 r.
420 4144 573 4200 Ciceronem
596 4163 641 4218 pro
660 4149 750 4203 Planc.
768 4150 877 4216 XXIX,
904 4155 950 4215 69,
974 4151 1005 4216 de
1032 4156 1096 4207 orat.
1115 4153 1151 4219 11,
1173 4159 1216 4221 40,
1235 4159 1298 4218 167,
1321 4154 1479 4208 16111611-

260 4247 336 4288 mum
356 4232 388 4296 V,
411 4237 435 4296 9,
459 4237 474 4284 7
497 4249 522 4302 p.
534 4239 593 4298 400,
623 4233 690 4287 Veli.
710 4235 747 4298 11,
773 4241 813 4301 16,
835 4241 853 4289 4
877 4253 902 4305 p.
916 4243 948 4291 25
968 4238 1008 4292 ed.
1026 4238 1115 4306 Kritz,
1140 4243 1290 4311 Appianum
1313 4241 1337 4294 b.
1360 4239 1422 4302 6.1,
1446 4245 1478 4293 93

261 4332 286 4384 p.
299 4321 358 4379 299,
378 4317 489 4369 Dionem
507 4318 538 4373 fr.
557 4323 590 4372 95
609 4335 634 4388 p.
650 4324 698 4373 136
717 4319 794 4373 Dind.

330 4402 355 4468 2)
372 4419 396 4454 r.
417 4401 597 4456 Woelfflinum
618 4404 654 4458 De
675 4405 703 4459 b.
723 4407 837 4474 Ampelii
856 4407 922 4461 libro
942 4409 1084 4462 memoriali
1102 4417 1152 4464 cet.
1171 4427 1197 4480 p.
1209 4414 1251 4467 96.
