3258 5186
761 477 800 542 65

676 567 879 575 ------.

167 681 292 766 runt¹),
325 703 363 745 ea
385 687 500 760 autem,
533 703 614 766 quae
648 680 881 765 subsequuntur
914 677 949 762 (ᾗ
969 678 1016 762 4),
1054 678 1164 745 Coelio
1198 677 1295 766 [apud
1331 678 1386 742 Li·

168 781 254 868 yium
281 781 377 863 XXI,
400 783 451 858 46,
482 781 558 865 10²)
589 781 696 862 citato]
723 804 853 866 prorsus
883 791 1073 866 repugnant3
1107 779 1220 846 deinde
1243 802 1323 865 quae
1349 779 1387 844 de

169 883 219 948 die
234 883 375 971 Scipioni
397 883 482 949 dicta
497 906 521 948 s
537 882 557 946 f.
581 880 752 946 eiusdem
774 882 883 968 eapitis
900 883 1013 947 Noster
1034 881 1140 961 tradit,
1164 881 1292 947 Valerio
1314 882 1385 945 An-

167 984 417 1069 tiati-debet3),
450 984 529 1049 illud
561 994 667 1048 autem
703 985 910 1050 abstinentiae
944 983 1124 1072 exemplum
1152 973 1223 1066 '§8
1257 981 1383 1047 allatum

167 1086 298 1152 minime
325 1109 365 1152 ex
392 1087 523 1150 Antiate
551 1085 771 1172 depromptum
803 1095 851 1150 est
878 1086 921 1168 [v.
950 1083 1087 1150 Gellium
1109 1083 1175 1149 VH
1197 1082 1286 1167 (VI),
1309 1085 1340 1166 8,
1366 1085 1384 1148 6

167 1212 198 1276 p.
215 1187 300 1273 221}

253 1288 345 1371 Quae
368 1311 441 1353 curn
461 1287 507 1353 ita
529 1288 599 1370 sint,
623 1309 695 1352 cum
722 1288 755 1352 in
782 1286 893 1352 eodem
919 1288 1022 1375 capite
1044 1289 1107 1354 alia
1134 1309 1172 1352 ex
1198 1288 1260 1352 alio
1284 1286 1385 1373 scrip-

167 1400 236 1456 tore
258 1389 420 1456 videamus
449 1389 600 1474 originem
623 1390 767 1471 traxisse,
798 1398 829 1454 et
851 1412 979 1476 operam
1007 1399 1037 1455 et
1066 1390 1170 1455 oleum
1197 1412 1254 1454 nos
1281 1388 1385 1477 perdi·

166 1502 254 1557 turos
277 1515 346 1558 esse
369 1491 515 1578 equidem
536 1500 622 1576 puto,
646 1491 672 1556 si
694 1513 924 1577 quaereremus,
955 1514 1033 1577 quos
1056 1491 1216 1555 annalium
1239 1499 1384 1554 auctores

166 1595 314 1681 Hyginus
335 1595 368 1659 in
390 1603 513 1682 partem
535 1593 722 1674 vocavisset,
751 1592 854 1657 denuo
881 1604 986 1658 autem
1008 1614 1119 1657 moneo
1142 1615 1191 1656 me
1213 1591 1384 1658 concedere

167 1704 260 1784 atque
287 1697 431 1762 assentiri
463 1696 557 1780 longe
589 1695 726 1780 plurima
758 1695 862 1782 capita
895 1718 934 1760 ex
967 1693 1077 1760 eodem
1109 1694 1261 1782 scriptore
1292 1695 1384 1760 facile

165 1822 320 1865 manasse.
354 1798 415 1863 hoc
437 1821 535 1862 unum
557 1796 633 1860 mihi
654 1796 779 1862 videtur
801 1820 869 1862 esse
892 1796 1094 1863 statuendum
1111 1819 1169 1861 nos
1184 1807 1250 1862 tam
1264 1796 1384 1862 lubrico

166 1899 387 1987 disputationis
416 1898 619 1963 fundamento
652 1898 744 1964 nixos
769 1922 871 1986 neque
899 1899 955 1964 illa
982 1899 1118 1984 vestigia
1143 1899 1252 1962 rimari
1281 1897 1384 1984 neque

165 2003 270 2089 capita
292 2001 457 2067 enucleare
478 2022 579 2088 posse.
624 1999 707 2065 unde
730 2001 848 2082 evenit,
875 2010 911 2065 ut
932 2001 971 2065 de
992 1999 1117 2086 Hygini
1138 1999 1279 2065 fontibus
1306 1999 1384 2064 nihil

165 2103 251 2168 aliud
272 2103 411 2169 iudicare
431 2102 573 2183 audeam,
596 2102 658 2168 nisi
674 2126 691 2168 e
707 2101 879 2184 Ciceronis
901 2101 1063 2184 Varronis,
1086 2101 1220 2187 Nepotis
1235 2101 1383 2189 operibus

165 2230 237 2273 eum
257 2205 414 2293 permulta
435 2205 573 2293 petiisse.

248 2309 300 2372 Ac
328 2306 366 2372 de
388 2308 534 2394 Nepote
564 2329 660 2394 supra
686 2307 752 2370 dixi
779 2307 822 2394 [p.
842 2307 893 2390 12]
929 2305 1133 2392 concessique
1156 2303 1297 2393 Hauptio
1319 2328 1383 2369 non

164 2410 275 2476 deesse
306 2410 341 2474 in
373 2409 482 2476 Nostri
513 2407 715 2495 Ampeliique
748 2407 836 2473 libris
873 2417 982 2496 aperta
1016 2405 1206 2486 Corneliana
1238 2405 1381 2491 vestigia.

163 2535 256 2598 quam
279 2512 409 2577 obrem
432 2511 582 2576 hocloco
605 2509 682 2576 satis
704 2508 806 2575 habeo
829 2509 868 2574 de
890 2507 1035 2576 Varrone
1058 2518 1089 2574 et
1105 2507 1260 2575 Cicerone
1283 2530 1384 2594 pauca

162 2635 328 2700 exponere.

670 2781 711 2847 tte
733 2782 870 2848 varrone.

248 2916 366 2983 Omnes
400 2924 552 2998 auctores,
586 2915 765 3002 quicunque
798 2917 849 2982 vel
881 2914 1074 3004 reipublicae
1107 2914 1268 2981 Romanae
1301 2917 1382 2982 anti·

162 3019 298 3107 quitates
322 3019 372 3083 vel
394 3040 444 3083 res
467 3018 688 3103 grammaticas
710 3027 765 3082 aut
785 3026 974 3083 tractassent
988 3027 1043 3081 aut
1057 3017 1241 3102 tetigissent,
1264 3016 1383 3084 Varro-

160 3121 211 3186 nis
243 3119 327 3184 illius
362 3113 677 3204 πολυγραφωτάτου
707 3119 776 3203 [cfr.
801 3116 868 3184 Cic.
893 3117 934 3182 ad
956 3118 1055 3183 Attio.
1078 3117 1173 3200 XIII,
1199 3119 1252 3202 18]
1287 3142 1384 3208 opera

161 3221 332 3310 plurimum
354 3220 548 3302 adhibuisse,
570 3221 633 3286 iam
657 3244 751 3307 saepe
774 3220 893 3286 dictum
915 3230 947 3286 et
969 3220 1119 3306 scriptum
1135 3229 1194 3302 est,
1223 3231 1383 3288 auctorem

164 3334 270 3390 autem
294 3322 412 3390 devir.
430 3323 474 3386 ill.
497 3346 561 3387 non
584 3323 692 3410 paucis
713 3323 790 3389 locis
813 3321 988 3388 eVarrone
1005 3321 1150 3410 pendere,
1172 3344 1275 3404 nemo,
1299 3323 1383 3410 quod

162 3427 291 3515 quidem
314 3424 421 3506 sciam,
446 3422 486 3488 ad
508 3423 569 3489 hoe
590 3434 714 3512 tempus
737 3424 852 3490 docuit.
896 3425 982 3512 atqui
1006 3423 1044 3489 de
1066 3423 1140 3489 libri
1166 3424 1268 3489 nostri
1287 3425 1382 3490 fonti-

160 3531 222 3596 bus
244 3525 406 3615 quaerenti
427 3533 493 3590 tam
514 3527 614 3591 multa
634 3526 710 3591 mihi
735 3528 941 3592 occurrebant
963 3525 1163 3592 Varroniano
1189 3534 1220 3591 et
1247 3526 1383 3613 vestigia

163 3639 195 3696 et
214 3628 341 3708 indicia,
370 3635 406 3691 ut
432 3626 511 3690 mihi
537 3649 723 3714 persuasum
746 3631 787 3694 sit
811 3627 975 3715 Hyginum
1004 3629 1038 3692 in
1064 3628 1153 3694 libris
1183 3627 1222 3694 de
1249 3629 1307 3696 vir.
1336 3628 1381 3697 ill

162 3728 396 3798 conscribendis
418 3727 572 3794 Varronis
595 3729 720 3815 scriptis
743 3730 925 3817 saepissime
947 3751 1038 3794 usum
1065 3751 1143 3794 esse.

248 3832 354 3914 Quum
387 3831 576 3895 sententiam
607 3839 642 3894 nt
675 3832 867 3916 argumentis
900 3832 1115 3918 comprobem,
1153 3832 1291 3918 primum
1328 3857 1382 3898 eos

161 3935 249 4000 locos
279 3933 440 4018 colligam,
476 3933 529 4019 qui
551 3955 624 3997 cum
649 3933 727 4021 ipsis
749 3932 902 3998 Varronis
929 3933 1051 4015 verbis,
1084 3932 1197 3998 deinde
1225 3956 1295 4016 eos,
1328 3937 1383 4022 qui

162 4059 231 4102 cum
256 4034 437 4100 auctoribus
460 4035 500 4099 ad
523 4034 699 4100 Varronem
719 4034 892 4102 referendis
914 4034 1093 4100 concinunt.

234 4207 260 4274 1)
278 4223 302 4261 v.
321 4205 506 4260 Woelfflinum
524 4206 670 4260 Antiochus
690 4224 715 4261 v.
733 4207 850 4276 Syrakus
869 4207 924 4259 und
943 4206 1047 4260 Coelius
1066 4205 1207 4276 Antipater
1225 4223 1250 4275 p.
1262 4212 1303 4262 78.

232 4294 258 4360 t)
275 4293 312 4346 De
331 4292 441 4345 Posneri
458 4293 610 4346 coniectura
628 4309 707 4363 supra
726 4293 842 4346 diximus
860 4293 895 4362 (p.
908 4298 922 4346 8
937 4309 964 4347 n.
975 4297 1000 4353 3)
1012 4307 1037 4346 v.
1052 4289 1383 4364 IndieemPhilolog.Vlll

163 4380 257 4531 (mhi
270 4383 512 4519 1i.5lli>irrms‹anum
530 4465 619 4518 Herm.
639 4464 658 4529 l,
677 4481 702 4534 p.
719 4463 913 4529 168=Quaest
934 4463 1007 4518 Rom.
1027 4463 1059 4528 ll,
1078 4480 1103 4532 p.
1117 4468 1177 4518 430.

1160 4554 1174 4606 ὁ
