3258 5186
832 459 874 524 64

243 661 283 727 ad
318 660 404 748 quod
434 659 585 728 iudicium
617 662 885 750 comprobandum
920 662 981 728 duo
1014 684 1155 750 propono
1188 661 1347 747 exempla:
1382 683 1472 746 quae

245 786 268 830 s.
292 763 314 828 f.
339 785 365 829 c.
387 761 441 827 III
463 760 502 827 de
518 764 647 846 ¹Numae
668 763 759 829 libris
780 774 957 846 narrantur,
978 755 1095 830 'eodem
1121 763 1213 829 modo
1236 787 1275 829 ex
1301 762 1469 827 annalium

244 864 450 951 scriptoribus
474 865 559 930 solus
582 862 714 931 Cassius
735 865 874 930 Hemina
897 868 939 949 [r.
961 864 1102 931 Plinium
1123 865 1218 948 XIII,
1244 868 1292 947 13,
1315 867 1372 948 84]
1400 876 1473 928 tra-

244 964 333 1046 didit,
366 987 463 1051 quare
490 990 530 1031 ex
559 989 595 1032 eo
621 967 788 1053 Hyginum
817 990 874 1032 sus
899 967 1027 1055 petiisse
1060 968 1211 1034 crederes.
1258 966 1344 1053 quid,
1380 964 1475 1053 quod

244 1067 362 1132 Noster
384 1089 454 1132 cum
469 1066 612 1136 Varrone
637 1069 715 1134 adeo
737 1069 902 1149 consentit,
926 1079 960 1134 ut
981 1092 1029 1134 na
1044 1068 1180 1136 dubitari
1204 1068 1331 1156 quidem
1353 1069 1473 1154 possit,

246 1168 321 1255 quin
343 1192 406 1234 non
437 1193 477 1236 ex
500 1169 612 1237 Cassio
639 1170 792 1253 Hemina,
821 1171 877 1236 sed
905 1195 946 1237 ex
971 1172 1040 1258 ipso
1063 1171 1207 1237 Varrone
1229 1165 1381 1258 Hyginus
1411 1192 1476 1236 sua

247 1269 396 1340 hauserit.
440 1273 633 1361 scripserunt
655 1274 741 1338 enim
761 1271 856 1339 haec:

276 1475 373 1534 Varro
392 1477 421 1534 in
443 1476 517 1535 libro
537 1477 572 1534 de
592 1477 670 1535 cultu
691 1477 811 1535 deorum
1008 1486 1083 1535 auct.
1104 1475 1140 1533 de
1160 1475 1275 1550 vinill.
1299 1473 1341 1533 lll

246 1569 311 1646 [cir.
331 1571 523 1647 Augustinum
546 1569 608 1630 Oiv.
632 1570 690 1628 Dei
704 1570 772 1646 VII,
794 1572 831 1630 ³4

422 1684 450 1742 p.
467 1665 523 1724 317
544 1664 661 1740 Domb.]

289 1791 488 1853 Terentius
513 1795 653 1871 quidam
684 1815 749 1854 cnm
780 1795 831 1854 ha·
922 1796 1024 1854 Morbo
1049 1793 1160 1852 solutus
1182 1791 1307 1870 [Numa]
1333 1792 1364 1850 in
1386 1791 1477 1850 ‹lani-

250 1885 332 1944 beret
350 1888 389 1946 ad
405 1888 572 1948 daniculum
592 1889 712 1949 fundum
733 1899 763 1948 et
783 1892 834 1948 bu·
884 1890 949 1948 culo
969 1887 1100 1964 sepultus
1124 1893 1170 1945 est
1193 1888 1243 1947 ubi
1268 1893 1338 1964 post
1363 1886 1477 1945 multos

249 1979 350 2039 bulcus
364 1983 425 2042 eius
444 1984 529 2044 iuxta
543 1985 706 2062 sepulcrum
722 1985 834 2044 Numae
885 2001 977 2042 annos
1008 1981 1110 2040 arcula
1140 2001 1204 2039 cum
1236 1981 1319 2040 libris
1353 2000 1371 2039 a
1404 1980 1477 2039 Te-

250 2068 387 2150 Pompilii
406 2078 541 2137 traiciens
562 2096 690 2139 aratrum
711 2081 835 2138 eruisset
886 2077 1005 2136 rentio
1019 2076 1172 2152 quodam
1190 2086 1318 2150 exarata,
1340 2075 1392 2151 qui
1408 2075 1477 2134 libri

252 2187 288 2224 ex
313 2174 392 2227 terra
420 2173 509 2232 libros
539 2174 608 2245 eius,
640 2175 690 2232 nbi
720 2193 834 2232 sacro·
885 2171 955 2248 quia
974 2171 1053 2229 leves
1084 2171 1256 2246 quasdam
1285 2189 1477 2229 sacrorum

252 2282 326 2322 rum
362 2266 562 2325 institutorum
597 2269 723 2344 scriptae
752 2276 837 2327 erant
887 2285 1016 2325 causas
1036 2265 1224 2324 continebant
1244 2285 1280 2324 ex
1300 2265 1478 2323 auctoritate
1595 2271 1596 2326 l

252 2376 378 2418 causae
398 2361 428 2418 in
448 2362 546 2420 urbem
567 2363 686 2438 pertulit
699 2365 737 2422 ad
751 2382 836 2440 prae·
886 2369 1003 2438 patrum
1024 2357 1144 2417 cremati
1165 2365 1241 2417 sunt.

254 2456 355 2512 torem.
406 2462 439 2513 at
471 2456 520 2514 ille
562 2475 626 2514 cum
661 2457 837 2533 inspexisset

255 2545 405 2625 principia,
436 2570 496 2609 rem
528 2561 636 2609 tantam
667 2552 770 2610 detulit
800 2552 837 2610 ad

254 2651 397 2704 senatum.
421 2646 468 2704 ubi
489 2665 552 2704 cum
571 2645 715 2722 primores
736 2668 837 2725 quas-

253 2738 331 2796 dam
352 2759 482 2798 causas
509 2741 648 2817 legissent
668 2786 752 2804 .....
775 2742 837 2801 Nu·

253 2852 319 2890 mae
340 2846 454 2893 mortuo
475 2847 592 2894 senatus
619 2836 759 2895 adsensus
785 2845 838 2912 est,

255 2938 365 3004 eosque
399 2929 489 2988 libros
524 2942 674 3007 tamquam
708 2930 839 3007 religiosi

256 3033 354 3097 patres
375 3025 543 3101 conscripti,
569 3033 687 3102 praetor
707 3031 739 3083 ut
759 3044 839 3083 com-

256 3117 379 3187 bureret,
399 3129 580 3177 censuerunt.

342 3312 494 3381 Videmus
516 3315 611 3402 igitur
634 3325 776 3381 auctores
799 3315 839 3380 ad
866 3316 999 3380 verbum
1025 3312 1092 3378 fere
1120 3311 1294 3377 concinere.
1340 3319 1371 3374 et
1397 3332 1476 3395 quo-

257 3415 343 3480 niam
366 3440 447 3502 quae
469 3416 598 3485 Gnaeo
621 3419 768 3484 Terentio
791 3417 922 3484 Cassius
937 3416 1076 3481 Hemina
1098 3413 1250 3494 attribuit,
1273 3412 1313 3477 dc
1328 3411 1477 3477 Terentio

258 3516 419 3603 quodam
441 3531 472 3586 et
494 3521 597 3587 Varro
620 3531 652 3586 et
672 3519 822 3608 Hyginus
849 3525 1005 3596 enarrant,
1032 3517 1101 3582 fieri
1129 3515 1214 3581 nullo
1241 3523 1335 3602 pacto
1361 3523 1475 3600 potest,

258 3628 293 3683 ut
320 3618 492 3689 Heminam
527 3634 677 3711 sequatur
710 3633 852 3708 uterque,
885 3621 981 3685 immo
1015 3628 1099 3683 certe
1120 3616 1256 3682 Varroni
1290 3638 1349 3680 sua
1381 3614 1477 3680 debet

258 3720 417 3806 Hyginus.
462 3737 555 3813 atque
585 3726 627 3808 id,
658 3725 739 3814 quod
768 3723 808 3788 de
834 3722 989 3788 hocloco
1016 3720 1209 3804 argumentis
1236 3718 1474 3804 comprobatum

258 3820 411 3889 habemus
440 3827 612 3892 verendum
639 3837 695 3909 est,
729 3850 769 3893 ne
798 3824 837 3890 de
864 3821 971 3889 multis
1001 3820 1072 3884 aliis
1099 3819 1265 3887 ostendere
1298 3840 1473 3906 possemus,

258 3923 320 3990 nisi
341 3925 375 3988 in
395 3925 456 3992 hac
477 3937 566 3992 tanta
586 3931 836 3994 testimoniorum
857 3924 964 4012 inopia
986 3944 1189 3988 versaremur.

262 4083 267 4092 .
344 4027 488 4115 ltemque
513 4028 597 4111 inde,
631 4029 716 4116 quod
747 4027 879 4092 alicuius
911 4025 1073 4112 scriptoris
1104 4023 1274 4108 vestigium
1306 4021 1341 4086 in
1372 4020 1476 4106 aliquo

260 4128 363 4215 capite
386 4141 546 4220 appareat,
569 4131 696 4196 minime
719 4129 808 4217 sequi
829 4138 930 4193 totum
952 4137 1046 4214 caput
1067 4149 1107 4191 ex
1127 4125 1181 4190 illo
1196 4124 1348 4209 scriptore
1370 4141 1476 4205 sump-

260 4239 326 4296 tum
349 4254 427 4313 esse,
454 4235 481 4298 si
503 4256 570 4320 cap.
594 4231 707 4297 thx
728 4229 976 4317 perlustraveris,
1004 4225 1194 4294 assentiaris
1238 4247 1312 4289 nam
1337 4223 1411 4287 illae
1438 4219 1477 4284 de

263 4329 421 4420 Scipionis
448 4331 568 4425 origine
595 4344 626 4402 et
651 4333 786 4402 infantia
811 4331 1062 4398 narratiunculae
1089 4337 1174 4395 certe
1200 4350 1218 4392 e
1244 4325 1354 4395 Coelio
1380 4321 1478 4388 fluxe·
