3218 5174
734 468 775 532 59

147 677 212 734 tum
234 667 267 732 in
289 667 409 754 aliquot
430 678 573 736 summae
594 668 759 753 gravitatis
786 669 1024 756 quaestionibus
1045 667 1260 746 diiudicandis,
1278 667 1362 734 viros

147 769 254 836 doctos
275 769 343 834 sola
364 770 430 834 eius
452 770 638 836 auctoritate
659 771 718 836 niti
741 769 891 836 videmus.
937 769 1059 835 accedit
1086 769 1170 856 quod
1191 771 1362 836 nonnullae

146 894 196 938 res
218 895 238 936 a
259 873 375 938 Nostro
397 870 514 937 relatae
537 873 577 937 ab
601 871 671 936 aliis
693 871 883 953 auctoribus,
915 871 1028 936 sinon
1054 871 1230 952 traduntur,
1257 882 1362 937 tamen

147 974 260 1040 leviter
280 973 477 1058 attinguntur
503 971 635 1061 ideoque
663 974 937 1061 comprobantur·
960 974 1049 1039 cuius
1077 973 1202 1059 generis
1228 972 1286 1038 hos
1316 974 1363 1037 iu-

148 1075 221 1141 veni
243 1075 343 1140 locos:
377 1098 403 1142 e.
426 1073 550 1157 XXIV,
573 1077 594 1138 4
615 1085 762 1140 narratur
783 1075 940 1140 Manlium
962 1074 1176 1161 Capitolinum
1198 1085 1363 1162 patronum

146 1200 166 1242 a
200 1176 323 1242 civibus
354 1176 542 1265 appellatum
570 1199 653 1257 esse;
685 1200 749 1242 rem
784 1177 887 1265 ipsam
917 1178 1003 1243 solus
1032 1177 1148 1243 Noster
1173 1176 1280 1257 habet,
1307 1176 1362 1242 ad-

145 1281 272 1344 umbrat
286 1288 390 1343 autem
405 1277 516 1343 Livius
533 1276 590 1358 VI,
607 1280 657 1360 14,
680 1280 699 1342 5
716 1288 748 1345 et
762 1277 820 1360 Ἦ,
846 1280 895 1360 18,
920 1281 973 1361 143
997 1277 1110 1344 deinde
1125 1300 1151 1343 c.
1167 1277 1298 1359 ΧΧΠΙ,
1323 1281 1363 1343 10

144 1381 280 1466 legimus
312 1377 369 1444 M)
398 1377 496 1445 Ourio
530 1378 656 1444 domum
689 1379 773 1468 apud
813 1379 949 1445 Tifatam
980 1379 1105 1466 publice
1138 1378 1245 1444 datam
1277 1401 1362 1461 esse,

143 1506 195 1548 res
222 1483 293 1569 ipsa
318 1503 476 1565 nusquam
505 1491 670 1566 praeterea
696 1481 864 1562 invenitur,
892 1481 1112 1569 comprobatur
1139 1490 1245 1546 autem
1272 1480 1363 1546 Pauli

146 1608 178 1672 p.
193 1586 235 1650 49
257 1581 348 1648 Mr'rll.
372 1581 566 1662 auctoritate,
589 1582 643 1669 qui
665 1605 692 1648 s.
713 1607 742 1648 v.
767 1580 865 1648 Curia
887 1582 979 1648 tifata
1001 1583 1121 1650 scribit:
1152 1581 1251 1648 Curia
1273 1581 1364 1650 tifata

143 1708 165 1750 a
186 1683 285 1751 Curio
307 1683 401 1765 dicta,
424 1683 499 1769 quia
521 1705 558 1748 eo
580 1683 650 1748 loco
671 1681 797 1750 domum
820 1683 988 1766 habuerat,
1010 1696 1076 1751 tum
1093 1708 1161 1773 cap.
1177 1683 1298 1767 LXVI,
1323 1687 1360 1750 11

143 1785 280 1853 traditur
312 1785 357 1850 Μ.
391 1785 528 1850 Drusum
560 1795 689 1871 repente
722 1784 753 1850 in
792 1785 920 1872 publico
956 1786 1131 1854 concidisse
1163 1808 1219 1852 seu
1252 1786 1363 1851 morbo

143 1888 293 1954 comitiali
317 1909 373 1952 seu
399 1887 511 1952 hausto
539 1887 668 1976 caprino
696 1888 864 1972 sanguine3
898 1887 1041 1954 Drusum
1072 1887 1106 1952 in
1126 1886 1254 1976 publico
1289 1909 1363 1952 con-

96 2060 102 2066 ,
144 1989 261 2056 cidisse
282 1989 399 2055 frustra
420 1987 505 2075 apud
527 1987 622 2054 alium
650 1998 810 2054 auctorem
831 2011 974 2075 quaeras
1002 1989 1111 2054 morbo
1138 1997 1245 2054 autem
1265 1989 1363 2056 cami-

143 2091 214 2156 tiali
243 2115 316 2156 eum
343 2089 491 2156 affectum
517 2089 615 2154 fuisse
643 2112 661 2154 e
686 2088 791 2156 Plinio
812 2089 920 2172 XXV,
945 2092 975 2170 5,
1000 2091 1039 2154 52
1073 2099 1166 2175 atque
1199 2089 1363 2178 caprinum

144 2192 332 2278 sanguinem
354 2215 426 2258 eum
440 2190 589 2262 ,hausisse
618 2213 657 2255 err
686 2191 797 2258 eodem
818 2190 921 2257 Plinio
943 2190 1103 2271 XXVIII,
1129 2194 1157 2273 9,
1183 2191 1363 2278 1431991-

143 2305 201 2360 ret.
246 2295 386 2380 itemque
408 2293 564 2375 Siciliam,
592 2292 763 2373 Achaiam,
790 2292 1012 2360 Macedoniam
1042 2293 1134 2358 novis
1162 2293 1293 2360 coloniis
1321 2295 1362 2360 ab

61 2455 71 2474 ,
143 2395 306 2482 Appuleio
350 2393 521 2461 Saturnino
569 2395 758 2461 destinatas
791 2419 860 2462 esse
907 2418 999 2461 nemo
1046 2405 1171 2484 praeter
1213 2395 1362 2462 Nostrum

146 2495 188 2581 [c.
210 2496 371 2580 LXXIII]
407 2497 512 2577 tradit,
547 2497 650 2584 legem
681 2507 784 2563 autem
817 2497 906 2562 illam
939 2495 1133 2583 Appuleiam
1165 2495 1259 2562 latam
1294 2519 1364 2563 esse

144 2597 260 2666 Cicero
272 2600 353 2686 ³[pro
375 2598 482 2664 Balbo
502 2598 627 2682 XXIV,
649 2599 704 2685 48]
736 2606 877 2665 testatur.
922 2597 1056 2685 denique
1077 2598 1241 2665 Saturnini
1266 2610 1360 2685 caput

143 2723 165 2764 a
187 2699 316 2766 Rabirio
339 2701 555 2766 circumlatum
577 2722 646 2766 esse
668 2699 753 2766 solus
775 2705 895 2767 auctor
915 2700 954 2766 de
977 2700 1033 2765 vir.
1055 2699 1099 2764 ill.
1122 2701 1238 2786 prodit,
1263 2702 1361 2768 inter-

142 2801 243 2868 fuisse
274 2812 378 2868 autem
414 2801 574 2868 Rabirium
608 2799 770 2868 Saturnini
803 2801 907 2883 caedi,
943 2825 959 2868 e
992 2799 1042 2866 die
1075 2801 1103 2867 ei
1136 2811 1247 2889 postea
1277 2802 1362 2870 dieta

142 2913 241 2990 patet.
1227 2927 1229 2936 ’

234 3005 280 3071 De
306 3005 357 3072 his
384 3005 480 3090 igitur
505 3007 601 3071 rebus
628 3006 668 3071 ab
696 3005 766 3070 aliis
795 3004 975 3069 auctoribus
1001 3004 1121 3071 leviter
1139 3008 1265 3072 attactis
1297 3008 1361 3072 iam

143 3131 230 3173 nnnc
256 3117 375 3173 certum
402 3105 506 3172 faeere
531 3107 682 3173 iudicium
709 3107 798 3188 licet,
829 3105 869 3171 de
896 3107 1007 3172 ceteris
1033 3117 1138 3173 autem
1164 3107 1308 3174 omnibus
1342 3097 1362 3173 a

144 3210 213 3275 solo
235 3209 351 3276 Nostro
373 3210 507 3274 narratis
530 3208 606 3295 quid
628 3207 820 3274 censendum
847 3207 889 3274 sit
914 3216 950 3272 ut
975 3208 1196 3296 perspiciatur,
1229 3209 1270 3274 ad
1292 3233 1361 3280 eam

144 3310 331 3382 accedamus
364 3320 488 3405 oportet
517 3310 746 3398 quaestionem,
783 3333 865 3397 quae
897 3320 946 3376 est
978 3309 1017 3374 de
1054 3309 1128 3374 libri
1162 3312 1262 3376 nostri
1298 3312 1363 3378 fide*

143 3412 303 3478 historica.

667 3654 785 3754 capu
810 3654 875 3728 111.
994 3627 996 3632 ’

410 3810 451 3876 tte
473 3809 536 3875 libri
559 3809 596 3875 de
617 3809 669 3874 rtr.
692 3809 730 3874 itt.
752 3808 851 3890 scripti
873 3807 932 3874 tide
954 3806 1102 3874 ttatorlca

231 3926 328 3991 Haud
350 3951 421 3992 raro
444 3937 605 3992 auctorem
626 3927 666 3992 de
688 3925 745 3992 vir.
768 3926 811 3991 ill.
840 3949 945 3992 errore
971 3926 1037 3992 labi
1062 3927 1126 3992 iam
1153 3923 1272 4013 pridem
1302 3924 1363 3991 viri

148 4027 231 4093 docti
252 4028 477 4094 intellexerunt
498 4026 776 4115 atqueSchottiuS,
801 4027 934 4110 Gruner,
957 4029 1160 4109 Arntzenius,
1184 4023 1360 4109 Schroeter,

148 4128 270 4195 Keilius
284 4130 318 4195 in
333 4129 566 4195 commentariis
582 4131 656 4208 suis,
680 4130 805 4195 Becker
822 4129 970 4217 [Topogr.
989 4130 1079 4194 Rom.
1096 4129 1123 4211 I,
1146 4152 1176 4215 p.
1193 4129 1279 4193 5611.
1296 4129 1362 4212 96],

147 4229 286 4296 Koehlcr
309 4230 397 4315 [Qua
417 4233 538 4298 ratione
561 4231 600 4297 T:
620 4230 704 4296 Livii
728 4231 896 4298 annalibus
919 4247 977 4296 cet.
1000 4253 1032 4324 p.
1051 4230 1122 4314 42]‚
1147 4230 1363 4295 Mommsenus

149 4330 352 4420 [Chronolog.
395 4334 488 4410 Rom.
514 4358 544 4421 p.
563 4335 603 4398 ‘26
628 4358 659 4399 n.
683 4334 741 4415 32,
777 4333 888 4398 Herm.
913 4332 975 4414 IV,
998 4354 1029 4418 p.
1048 4335 1064 4396 7
1088 4356 1118 4398 n.
1147 4333 1214 4395 2=
1231 4330 1362 4414 Quaest.

148 4432 237 4503 Rom.
261 4434 431 4521 11,p.122
453 4460 484 4504 n.
509 4437 559 4516 18,
581 4435 691 4503 Herna
710 4434 746 4516 V,
768 4458 798 4523 p.
815 4436 877 4500 245
900 4458 930 4500 n.
954 4432 1164 4515 5=Quaast
1180 4434 1282 4504 ,Rona
1309 4433 1368 4518 ΙΙ,
