3258 5186
764 501 805 566 63

688 591 889 598 —a—

180 705 255 777 nino
279 705 440 773 debentur.
483 707 564 772 baec
584 706 681 791 igitur
702 707 833 792 peccata
853 705 930 790 quin
951 704 983 768 in
1011 726 1049 768 eo
1070 701 1161 782 libro,
1189 695 1272 765 unde
1291 707 1399 764 noster

181 817 347 894 excerptus
370 815 426 889 est,
450 807 636 888 exstiterint,
654 802 797 872 'dubitari
819 829 881 871 non
904 815 1017 892 potest.
1052 814 1082 869 et
1104 801 1254 887 quoniam
1275 809 1399 886 praeter

181 907 262 988 illos,
288 906 327 972 de
349 909 464 994 quibus
487 909 634 988 diximus
658 909 720 973 duo
742 909 808 974 eius
830 907 953 994 generis
975 928 1097 972 errores
1116 903 1200 992 apud
1214 903 1397 990 Ampelium

183 1019 350 1074 occurrunt
373 1009 416 1095 [v.
439 1009 641 1076 Perizonium
664 1010 822 1076 animadv.
845 1008 918 1074 hist.
941 1032 971 1094 p.
988 1008 1026 1071 21
1051 1029 1118 1093 sqq.
1141 1005 1189 1071 ed.
1205 1006 1320 1088 Harll,
1343 1007 1399 1070 vix

183 1110 257 1174 mihi
280 1109 405 1176 videtur
431 1135 501 1178 esse
529 1112 711 1194 verendum,
744 1135 784 1178 ne
811 1135 830 1176 a
856 1111 989 1177 veritate
1018 1109 1208 1188 aberremus,
1242 1107 1269 1170 si
1294 1107 1398 1193 ipsum

182 1211 271 1276 illum
303 1211 414 1277 incerti
454 1219 590 1279 auctoris
622 1214 737 1280 librum
772 1213 958 1278 mendosum
989 1221 1084 1296 atque
1121 1209 1269 1275 vitiosum
1301 1207 1399 1274 fuisse

185 1311 365 1393 conicimus
392 1324 500 1379 nostro
524 1326 630 1381 autem
652 1315 691 1381 de
713 1317 770 1381 vir.
793 1315 836 1378 ill.
859 1313 980 1378 auctori
1001 1311 1034 1376 id
1056 1312 1253 1398 potissimum
1272 1309 1399 1375 'crimini

183 1414 323 1479 dandum
344 1437 425 1496 esse,
454 1417 539 1503 quod
561 1416 649 1482 ducis
672 1417 720 1482 sui
742 1415 883 1501 vestigiis
906 1425 970 1479 tam
994 1423 1110 1478 temere
1133 1422 1257 1498 tamque
1278 1414 1398 1500 impru-

183 1515 292 1581 denter
312 1516 446 1600 insistat.
492 1517 547 1583 sed
560 1541 639 1584 ‚cum
661 1541 762 1605 neque
783 1517 908 1605 Hygini
928 1539 1032 1603 neque
1052 1516 1162 1581 incerti
1185 1516 1269 1580 illius
1298 1513 1397 1601 scrip-

183 1617 261 1682 toris
282 1617 355 1683 libri
377 1629 566 1686 vetustatem
587 1619 780 1705 pertulerint,
806 1619 905 1684 immo
932 1629 1083 1706 perpetua
1110 1617 1269 1683 oblivione
1295 1615 1399 1682 obruti

184 1743 223 1784 ne
244 1720 346 1784 mutili
370 1721 497 1806 quidem
524 1723 617 1788 nobis
643 1731 827 1809 suppetant,
862 1720 900 1789 de
928 1744 1037 1786 eorum
1062 1721 1126 1786 fide
1153 1719 1302 1784 historica
1324 1741 1399 1784 eon-

176 1821 304 1888 .iectura
324 1823 472 1906 augurari
493 1845 596 1908 neque
618 1823 748 1910 prodest
768 1846 870 1909 neque
892 1824 988 1903 iuvat,
1011 1823 1049 1888 de
1063 1824 1179 1906 Nostro
1201 1831 1306 1886 autem
1325 1843 1398 1886 con-

183 1932 248 1988 stat
268 1923 336 1992 eius
357 1909 475 1989 librum
495 1934 562 1990 tam
584 1923 690 1988 multis
712 1923 820 2010 eisque
841 1947 905 1989 nou
936 1924 1060 1990 levibus
1086 1925 1241 1989 erroribus
1266 1921 1398 1998 foedari,

178 2035 219 2090 -ut
246 2049 327 2111 quae
359 2025 466 2090 tradat
499 2025 632 2092 aliorum
663 2025 789 2090 testium
823 2025 1008 2092 auctoritate
1040 2047 1116 2094 non,
1135 2025 1269 2104 firmata,
1304 2045 1396 2109 quam

185 2127 417 2192 accuratissime
451 2127 663 2193 examinanda
689 2149 758 2192 esse
791 2137 886 2215 atque
917 2125 1140 2215 perpendenda
1169 2149 1262 2190 nemo
1293 2133 1397 2210 neget.

183 2251 292 2293 revera
316 2238 423 2294 tamen
447 2228 571 2294 illarum
597 2251 704 2294 rerum
730 2229 824 2314 longe
851 2229 1017 2317 pleraeque
1044 2229 1242 2310 examinatae
1256 2228 1301 2292 'et
1327 2249 1398 2313 per·

183 2353 297 2416 pensae
320 2353 391 2394 cum
413 2329 446 2394 in
466 2331 563 2394 totius
584 2331 772 2394 narrationis
794 2341 934 2396 tenorem
956 2340 1022 2395 tam
1044 2332 1123 2397 bene
1144 2331 1307 2418 quadrent,
1330 2338 1399 2394 tum

181 2454 228 2506 ea,
261 2454 342 2518 quae
372 2429 425 2496 alii
459 2432 626 2518 scriptores
657 2431 802 2519 produnt,
837 2442 901 2496 tam
930 2443 1014 2498 reete
1040 2433 1243 2520 amplificant,
1278 2442 1313 2496 ut
1340 2455 1396 2496 suo

182 2532 253 2597 iure
275 2532 335 2598 viri
362 2532 445 2598 docti
473 2534 585 2599 librum
615 2544 759 2600 nostrum
779 2533 911 2620 'plurimi
936 2533 1055 2599 faciant
1087 2545 1180 2621 atque
1211 2535 1244 2599 in
1278 2533 1398 2621 aliquot

183 2635 419 2721 quaestionibus
442 2633 650 2700 diiudicandis
673 2635 770 2700 solum
795 2658 867 2700 eum
887 2644 999 2700 testem
1023 2635 1127 2702 citent.

267 2734 340 2817 Qua
361 2734 580 2823 disputationis
601 2746 691 2823 parte
713 2735 754 2801 ad
775 2738 871 2802 finem
890 2735 1040 2824 perducta
1054 2736 1115 2802 hoc
1132 2760 1229 2801 unum
1245 2745 1396 2824 superest,

181 2846 217 2902 ut
239 2838 353 2924 quibus
374 2834 522 2922 Hyginus
544 2837 613 2924 ipse
635 2837 668 2902 in
691 2833 832 2906 libro'de
853 2839 910 2904 vir.
937 2831 980 2901 ill.
1008 2837 1222 2926 componendo
1254 2860 1330 2904 usus
1356 2838 1398 2904 sit
1487 2877 1490 2885 ·

183 2939 332 3020 fontibus
355 2948 594 3026 perscrutemur.
640 2962 736 3027 quam
758 2939 970 3029 quaestionem
995 2940 1141 3006 adhunc
1166 2940 1272 3005 locum
1298 2962 1397 3005 reser-

182 3040 326 3106 vavimus
347 3050 520 3128 propterea,
543 3040 627 3126 quod
649 3040 723 3107 inde
745 3064 870 3128 quoque
892 3063 1043 3128 apparere
1064 3042 1157 3106 nobis
1172 3040 1395 3128 persuasimus,

182 3165 275 3227 quam
302 3140 409 3228 inique
441 3139 480 3206 de
513 3152 639 3206 auctore
672 3151 779 3208 nostro
814 3141 961 3224 iudicent,
997 3142 1051 3228 qui
1084 3164 1209 3208 omnem
1240 3142 1338 3207 fidem
1358 3144 1390 3208 ei

180 3241 397 3328 abrogandam
420 3265 488 3307 esse
510 3253 647 3308 censent.

686 3481 805 3582 Caput
832 3483 895 3557 lV.

630 3636 671 3701 lle
693 3636 792 3722 llyqini
812 3637 950 3704 tontibus

263 3753 315 3818 Ac
342 3753 477 3839 primum
511 3753 638 3840 quidem
670 3754 702 3819 in
733 3754 803 3828 hac,
825 3755 864 3820 de
886 3754 1010 3842 Hygini
1042 3756 1182 3824 fontibus
1214 3755 1397 3843 quaestione

178 3853 371 3919 instituenda
396 3855 509 3920 missos
541 3855 628 3920 facio¹
648 3856 789 3922 annales.
819 3857 948 3930 etenim
981 3881 1051 3928 mea
1083 3857 1209 3944 quidem
1243 3859 1398 3924 sententia

178 3955 376 4042 naufragium
398 3957 584 4039 faceremus,
613 3958 639 4022 si
667 3980 745 4044 quos
767 3959 927 4023 annalium
953 3958 1122 4046 scriptores
1144 3959 1293 4048 Hyginus
1319 3983 1396 4025 uuo.

179 4081 305 4144 quoque
328 4057 432 4146 capito
459 4057 664 4141 adhibuisset,
700 4083 717 4125 e
749 4070 856 4126 nostro
889 4059 971 4126 libro
1005 4061 1171 4128 ostendere
1203 4083 1395 4143 conaremur.

178 4183 252 4224 nam
276 4161 420 4246 quamvis
442 4169 563 4224 constet
585 4161 740 4247 permulta
762 4185 863 4249 eaque
885 4162 1131 4248 locupletissima
1154 4162 1281 4228 illorum
1300 4162 1397 4228 vesti·

178 4261 232 4346 gia
259 4272 291 4327 et
316 4260 433 4326 indicia
460 4261 544 4347 apud
573 4273 733 4338 auctorem
760 4263 799 4330 de
825 4264 880 4330 vir.
904 4264 947 4328 ill.
980 4262 1133 4344 inveniri,
1147 4273 1264 4330 tamen
1294 4287 1397 4351 neque

179 4387 218 4428 ex
237 4363 322 4450 ipsis
340 4363 510 4442 annalibus
533 4387 570 4430 ea
593 4364 759 4451 desumpta
784 4387 852 4440 esse
878 4389 980 4452 neque
1008 4373 1110 4430 totum
1134 4375 1239 4454 'caput
1257 4365 1322 4432 'ubi
1347 4366 1396 4431 in-

182 4465 359 4551 veniantur,
387 4488 428 4534 ex
453 4465 564 4534 eodem
592 4467 743 4559 scriptore
768 4466 905 4554 pendere
931 4490 988 4559 pro
1015 4475 1100 4540 certo
1129 4467 1288 4542 affirmare
1313 4467 1396 4544 licet.
