3258 5186
796 413 856 476 106

720 501 922 509 ---

609 612 737 680 Codex
758 613 1038 679 Bruxellensis.

216 733 302 798 anuli
454 735 471 795 7
495 732 666 818 Lybissam
688 733 720 796 in
742 733 805 798 fine
828 730 1112 800 Nicomediensium
1136 729 1166 794 in
1192 730 1286 795 archa
1307 729 1435 817 lapidea

214 835 265 900 cui
286 834 472 921 inscriptum

301 1040 371 1122 Gap.
386 1038 474 1119 ΧΙ.ΙΙΙ,
498 1041 514 1102 1
540 1037 677 1118 Quintus
775 1045 938 1102 cunctator
960 1009 1146 1102 verrucosus
1245 1036 1434 1100 claementia

213 1163 334 1204 morum
359 1140 461 1204 dictus
536 1139 719 1224 Lyguribus
788 1137 910 1221 fraegit.
935 1138 1105 1202 Minatium
1174 1136 1433 1223 6redemptione

277 1243 407 1328 pepigit,
430 1264 511 1328 quae
534 1242 636 1328 pactio
722 1239 795 1304 fidei
818 1261 892 1304 suae
915 1239 1075 1303 satisfecit.

299 1718 369 1800 cap.
391 1716 477 1796 xilv,
501 1719 517 1778 1
542 1715 680 1801 recaepit
767 1715 785 1780 3
808 1716 841 1780 in
862 1714 931 1780 foro
953 1738 1010 1801 per
1033 1714 1238 1779 ambitionem
1323 1716 1343 1777 4
1367 1713 1432 1778 De-

214 1818 342 1882 lumium
432 1819 625 1882 baseuatu

298 2294 367 2376 cup.
389 2292 463 2372 xiv,
486 2294 504 2356 2
528 2293 644 2379 praelio
669 2294 725 2375 [cic
749 2293 855 2372 coast]
878 2289 968 2373 fudit,
992 2291 1092 2379 spolia
1114 2289 1219 2375 opima
1241 2289 1315 2354 Jovi
1334 2287 1432 2354 Fero-

215 2394 275 2459 trio
298 2395 408 2458 tertius
431 2416 451 2457 a
472 2393 607 2456 Romulo
631 2393 832 2456 consecravit.
873 2391 998 2457 Primus
1021 2391 1135 2472 docuit,
1169 2389 1326 2478 quomodo
1349 2390 1432 2454 mili-

212 2508 261 2561 tes
285 2495 433 2560 cederent
455 2516 513 2560 neo
535 2504 624 2578 terga
645 2494 841 2580 praeberent.
887 2493 1103 2559 Hannibalem
1133 2493 1219 2581 apud
1240 2492 1355 2556 Nolam
1382 2491 1431 2555 lo-

213 2621 322 2662 corum
408 2597 477 2661 tei
500 2618 556 2660 out.
645 2594 818 2682 quinquies
859 2595 896 2660 ln
919 2595 1042 2660 insidiis
1063 2595 1256 2661 Hannibalis
1280 2594 1431 2681 deceptus

213 2708 245 2764 et
266 2699 431 2789 magnifice

299 2871 367 2952 Cap.
389 2870 511 2951 ΧΗΙῌ
541 2866 767 2954 Sybillinorum
788 2877 887 2933 matre
977 2867 1096 2954 'i'yberi
1120 2869 1177 2950 [uic
1199 2868 1305 2950 corut]
1400 2867 1433 2930 in

214 2973 277 3037 alto
302 2972 387 3037 stetit
485 2969 687 3054 tcognitum
710 2979 758 3034 est
853 2969 1008 3034 faemineo
1105 2971 1130 3034 3·
1148 2969 1243 3033 deum
1263 2980 1328 3033 turn
1352 2978 1433 3033 tem-

213 3074 301 3160 plum
323 3072 512 3152 aedificatur,
536 3071 671 3136 Nasicae
694 3073 746 3155 qui
841 3071 1038 3136 indicabatur
1060 3071 1149 3158 quasi
1171 3071 1288 3158 hospiti
1311 3070 1430 3137 datum.

299 3242 368 3324 cap.
391 3243 487 3324 XLVH,
516 3247 524 3304 l
552 3241 677 3306 Portius
772 3241 799 3304 F
801 3241 911 3305 laccho
1004 3241 1177 3306 solicitatus
1266 3241 1319 3306 Ex
1340 3265 1433 3328 prae-

216 3355 285 3408 tura
303 3341 482 3408 Sardiniam
498 3343 623 3428 subegit
707 3343 833 3406 Aennio
919 3341 1031 3407 litteris
1117 3344 1280 3430 2possint
1366 3342 1433 3406 sin-

215 3445 305 3528 gulas
328 3444 470 3508 civitates
572 3451 589 3507 3
612 3444 723 3508 Marco
746 3443 847 3507 Atilio
948 3443 1123 3509 4Lucium
1146 3445 1335 3509 Flaminium
1357 3467 1433 3508 con-

215 3546 312 3609 sulem
426 3545 562 3610 Galliam
585 3545 749 3610 cuiusdam
864 3546 997 3610 eiectum
1109 3569 1128 3610 a
1150 3569 1275 3611 carcere
1296 3547 1433 3631 iugulari

215 3647 306 3710 iussit
393 3647 571 3711 brestituit
656 3647 877 3732 iquadrigies
965 3647 1113 3732 {ignauia
