3218 5174
750 487 789 552 15

166 691 284 773 (Deli.
302 689 440 777 Ampelii
468 689 550 755 libro
574 714 664 758 mem.
687 715 717 777 p.
735 692 775 756 35
791 690 876 778 sqq.)
899 691 991 756 docet
1013 701 1106 776 atque
1128 689 1263 777 exempli
1278 689 1380 774 gratia

164 793 222 858 lios
244 792 391 880 proponit
411 793 509 857 locos:
590 825 592 828 ·
969 886 971 891 ³

220 905 293 952 auct.
314 895 349 952 de
372 894 424 950 vir.
445 893 485 950 ill.
507 894 658 968 XXXIII,
680 897 694 953 ’1
938 895 1053 970 Ampel.
1074 893 1189 968 XVIII,
1210 894 1228 952 8

203 998 320 1072 Legatis
342 997 516 1055 Samnitium
544 1017 647 1056 aurum
676 999 746 1056 offe·
838 998 944 1058 Curius
965 1016 1029 1055 eum
1049 997 1080 1054 in
1100 997 1165 1055 foco
1185 1017 1274 1073 rapas
1288 1003 1380 1055 torre·

163 1092 293 1150 rentibus
321 1110 385 1149 cum
412 1092 475 1170 ipse
505 1092 535 1149 in
566 1093 630 1172 loco
660 1112 748 1170 rapas
798 1099 845 1152 ret
864 1093 967 1169 legatis
988 1090 1161 1152 Samnitium
1182 1111 1284 1150 aurum
1311 1092 1380 1150 offe-

164 1192 299 1262 torrerct,
320 1185 410 1258 malo,
431 1186 534 1262 inquit,
555 1186 626 1244 haec
646 1187 677 1245 in
697 1189 747 1245 fic·
800 1189 944 1258 rentibus,
975 1185 1070 1258 malo,
1101 1185 1209 1261 iuquit,
1246 1187 1316 1243 baec
1351 1186 1380 1243 in

168 1281 266 1340 tilibus
286 1280 358 1338 meis
379 1299 442 1338 esse
462 1293 491 1338 et
511 1300 614 1339 aurum
640 1280 747 1338 haben·
799 1281 936 1340 fictilibus
959 1281 1031 1339 meis
1057 1298 1121 1338 esse
1146 1286 1176 1338 et
1201 1299 1302 1338 aurum
1326 1279 1381 1338 ha-

165 1377 242 1435 tibus
262 1375 414 1452 imperare.
799 1377 932 1435 bentibus
953 1376 1106 1451 Imperare.

248 1511 321 1564 auct.
344 1505 379 1561 de
398 1504 450 1562 vir.
471 1503 513 1564 ill.
536 1503 631 1577 XLV,
654 1503 671 1562 2
936 1503 1049 1580 Ampel.
1072 1501 1188 1574 XVIII,
1213 1505 1248 1562 10

208 1617 259 1692 [M.
276 1615 416 1676 Claudius
441 1615 609 1693 Marcellus]
637 1617 749 1693 primus
841 1616 995 1693 [Claudius
1025 1616 1190 1692 Marcellus]
1226 1615 1323 1674 docuit
1352 1617 1382 1673 in

166 1712 272 1784 docuit,
305 1710 450 1788 quomodo
476 1710 583 1769 milites
615 1712 749 1770 cederent
800 1712 878 1771 bello
905 1712 1052 1788 quomodo
1083 1710 1194 1786 equites
1223 1711 1284 1768 sine
1314 1711 1382 1788 fuga

167 1825 219 1864 nec
239 1816 320 1882 terga
340 1805 520 1882 praeberent.
800 1807 941 1866 cederent.

247 1945 321 1993 auct.
342 1935 379 1994 de
401 1934 452 1995 vir.
474 1933 516 1992 ill.
537 1933 632 2008 LVII,
654 1937 669 1992 l
954 1934 1067 2011 Ampel.
1089 1933 1176 2007 XIX,
1199 1934 1215 1990 3

205 2045 369 2122 Scipionem
409 2046 573 2104 Asiaticum
612 2048 747 2123 quamvis
837 2046 1004 2122 Scipionem
1035 2046 1213 2118 Asiaticum,
1250 2046 1384 2120 quamvis

165 2141 315 2200 inimicum
350 2142 415 2199 duci
448 2141 478 2198 in
513 2159 657 2199 carcerem
690 2159 747 2198 non
799 2141 946 2200 inimicum
968 2143 1102 2208 haberet,
1131 2145 1255 2198 nonest
1276 2157 1381 2215 passus

166 2247 210 2294 est
228 2255 340 2311 passus.
799 2256 818 2294 a
838 2236 962 2294 tribunis
982 2236 1014 2293 in
1035 2253 1178 2294 carcerem
1199 2234 1263 2291 duci
1283 2266 1320 2276 -

287 2372 359 2422 auct.
382 2364 418 2422 de
437 2365 489 2422 vir.
511 2364 551 2425 ill.
574 2364 635 2424 XII
967 2363 1082 2440 Ampel.
1103 2362 1170 2435 XX,
1192 2363 1218 2420 3.

207 2476 317 2534 Mucius
339 2473 514 2535 Cordus-
535 2477 669 2536 dextram
690 2479 749 2536 aris
840 2477 951 2535 Mucius
971 2476 1093 2550 Cordus,
1114 2475 1163 2552 qui
1185 2473 1299 2550 ignibus
1321 2491 1384 2530 ma-

167 2569 312 2644 imposuit.
801 2591 869 2629 num
890 2572 1037 2649 imposuit.

251 2663 374 2746 Quibus
396 2665 472 2731 locis
493 2665 653 2754 Hauptius
677 2668 712 2752 (l.
735 2669 755 2734 1.
781 2692 811 2755 p.
828 2669 863 2752 8)
885 2667 945 2734 hos
967 2665 1067 2732 addit:

254 2772 329 2824 auct.
351 2767 387 2825 de
407 2768 459 2826 vir.
480 2768 521 2827 111.
543 2767 623 2842 LVI,
643 2771 678 2828 4,
937 2769 1052 2846 Ampel.
1073 2766 1190 2836 XVIII,
1216 2766 1250 2822 13

206 2863 240 2918 In
261 2863 315 2919 hac
335 2861 446 2920 laetitia
465 2863 538 2920 duos
559 2863 636 2921 filios
651 2864 766 2923 amisit·
802 2899 839 2908 -
857 2865 934 2924 iuter
947 2865 1025 2940 ipsos
1041 2860 1178 2936 triumphi
1192 2860 1255 2917 dies
1270 2856 1386 2916 amissis

167 2965 196 3012 et
215 2973 385 3033 progressus
410 2957 449 3015 ad
475 2955 614 3034 populum
641 2958 749 3034 gratias
801 2960 914 3018 duobus
939 2957 1038 3016 liberis
1064 2974 1117 3032 pro
1142 2952 1275 3013 contione
1301 2951 1386 3028 dixit,

166 3049 223 3126 egit
242 3049 388 3108 Fortunae
408 3050 485 3125 quod
505 3084 543 3094 -
802 3053 912 3129 gratias
933 3071 964 3110 se
985 3068 1071 3129 agere
1090 3051 1223 3107 fortunae
1243 3045 1322 3122 quod
1350 3077 1385 3086 -

219 3186 293 3238 auct.
315 3181 352 3238 dc
372 3179 424 3240 rir.
447 3179 487 3239 ill.
510 3178 653 3254 LXXIII,
673 3182 691 3240 8
946 3180 1062 3256 Ampel.
1084 3176 1198 3250 XVIII,
1223 3177 1257 3234 14

206 3290 340 3349 Metellus
375 3290 493 3348 exulare
529 3309 618 3367 quam
655 3293 750 3352 iurare
840 3293 1003 3370 [Metellus]
1027 3290 1133 3349 maluit
1151 3288 1182 3347 in
1202 3287 1324 3345 exilium
1343 3285 1387 3343 ire

167 3385 276 3445 maluit.
805 3407 893 3463 quam
913 3388 1019 3447 iurare.

232 3523 305 3572 auct.
326 3515 361 3573 ue
381 3514 434 3575 vn.
455 3514 497 3574 111.
520 3515 631 3587 axvi,
655 3516 689 3572 13
963 3512 1225 3592 Ampel.x1x‚6
1338 3495 1339 3500 '

207 3625 750 3702 lnridiaeaedisapudPhilippum...
841 3627 942 3685 Livius
975 3625 1090 3684 Drusus
1124 3645 1177 3702 per
1212 3621 1332 3682 insidias
1369 3639 1387 3678 a

166 3721 230 3780 fuit.
803 3722 941 3799 Philippo
962 3721 1081 3780 consule
1100 3718 1269 3778 interfectus
1290 3724 1341 3776 est.

225 3860 299 3908 auct.
321 3851 357 3910 de
379 3851 431 3910 vir.
453 3850 496 3910 ill.
516 3848 633 3922 XXIV,
654 3853 672 3908 5
919 3850 1034 3927 Ampel.
1056 3847 1187 3921 XXVII,
1209 3851 1226 3904 4

223 3953 298 4002 auct.
320 3945 356 4002 de
377 3945 428 4004 vir.
450 3943 490 4005 ill.
511 3945 608 4018 XXV,
630 3945 647 4002 6
919 3944 1035 4022 Ampel.
1056 3942 1198 4014 XXVIII,
1219 3943 1236 3999 3

223 4045 298 4098 auct.
320 4040 357 4097 de
378 4039 430 4097 vir.
450 4038 492 4099 ill.
514 4038 643 4108 LXVII,
663 4040 682 4097 4
918 4040 1033 4117 Ampel.
1054 4038 1153 4110 XLII,
1176 4039 1190 4094 1

223 4145 296 4192 auct.
317 4134 353 4192 de
374 4133 426 4190 uir.
447 4133 489 4191 ill.
510 4131 710 4206 Lxxv11„7
920 4133 1032 4210 Ampel.
1053 4133 1176 4207 XLVII,
1198 4134 1215 4192 5

247 4246 293 4311 Hi
316 4269 442 4333 quoque
462 4245 525 4311 loci
545 4244 624 4309 mihi
647 4245 794 4311 ridentur
816 4267 885 4312 esse
905 4244 1106 4332 respiciendi:

236 4360 312 4407 auct.
334 4349 370 4406 de
391 4348 444 4407 vir.
466 4349 508 4406 111.
530 4347 643 4420 XLIII,
665 4346 682 4405 2
951 4349 1067 4426 Ampel.
1088 4347 1203 4421 XVIII,
1224 4348 1241 4406 6

205 4459 342 4541 [Fabius]
356 4459 552 4521 Hannibalem
565 4479 648 4518 mora
658 4460 752 4543 fregit.
845 4459 957 4523 Fabius
978 4459 1176 4523 Hannibalem
1197 4478 1280 4522 mora
1292 4460 1386 4538 fregit,
