3218 5174
138 687 246 743 tamen
272 679 364 763 longe
393 677 542 766 pleraque
570 679 742 761 Valerium,
776 681 857 746 sicut
884 680 1052 762 Nostrum,
1086 679 1219 767 Hygino
1246 680 1359 748 debere

141 779 296 846 existimo.

646 937 686 1002 Ite
711 937 854 1002 Frontino.

226 1069 414 1136 Frontinum
436 1094 558 1158 quoque
579 1072 612 1136 in
634 1073 736 1138 tribus
760 1070 1034 1156 strategematicon
1057 1071 1145 1136 libris
1169 1081 1200 1136 et
1218 1070 1360 1137 Pseudo-

140 1171 324 1238 Frontinum
349 1174 447 1254 illum,
476 1175 529 1261 qui
552 1185 697 1258 quartum
719 1175 835 1240 librum
865 1173 1054 1258 composuit,
1084 1173 1205 1258 Hygini
1233 1173 1271 1239 de
1303 1175 1359 1240 vir.

141 1271 183 1338 iII.
206 1273 303 1339 libros
326 1275 376 1341 vel
398 1277 542 1364 exempla
565 1276 747 1342 adhibuisse
769 1301 810 1341 ex
833 1277 891 1340 bac
913 1275 1117 1340 collocatione
1139 1274 1273 1340 videbis:

167 1392 299 1452 Frontin.
320 1395 345 1468 I,
367 1397 393 1468 l,
420 1400 427 1453 I
452 1398 513 1475 p.3
535 1395 578 1455 ed.
600 1394 703 1454 Deder.

180 1503 254 1564 Cato
284 1507 411 1565 devictas
442 1509 479 1565 ab
510 1527 541 1567 se
562 1509 724 1584 Hispaniae

140 1599 272 1659 civitates
305 1601 494 1659 existimabat
534 1603 564 1660 in
594 1617 725 1678 tempore

139 1695 382 1754 rebellaturos
420 1696 526 1754 fiducia
569 1717 724 1755 murorum.

140 1790 288 1867 scripsit
318 1792 413 1867 itaque
440 1791 592 1868 singulis
615 1802 650 1848 ut
670 1792 723 1849 di-

139 1895 283 1942 ruerent
302 1887 482 1944 munimenta
503 1906 723 1961 ..unaquae-

140 1996 205 2053 que
230 1981 343 2038 urbium
371 1981 440 2038 sibi
472 1980 541 2038 soli
572 1982 724 2040 credidit

139 2070 357 2146 imperatum.

250 2218 382 2280 Frontin.
403 2220 426 2292 I,
450 2223 475 2290 1,
499 2221 533 2279 12
556 2222 616 2296 μδ

179 2329 312 2389 Metellus
331 2331 402 2390 Pius
423 2333 452 2389 in
468 2332 613 2410 Hispania
633 2335 722 2392 inter-

125 2433 266 2501 rogatus,
293 2426 363 2500 quid
383 2435 503 2502 postera
523 2429 570 2487 die
591 2429 721 2486 facturus

139 2525 231 2589 esset,
272 2522 425 2579 tunicam
464 2542 586 2595 meam,
628 2524 654 2580 ai
693 2523 722 2579 id

139 2614 233 2690 eloqui
255 2627 363 2690 posset,
389 2616 517 2692 inquit,
542 2620 723 2675 combure-

139 2725 216 2765 rem.

229 2853 362 2913 Frontin.
383 2857 421 2926 II,
443 2859 469 2930 3,
491 2857 529 2914 24
549 2876 577 2932 p.
593 2859 629 2916 37

179 2965 211 3022 0.
228 2965 342 3024 Duilius
363 2987 434 3026 curn
458 2970 597 3027 videret
617 2989 722 3046 graves

140 3077 208 3116 snas
252 3079 341 3118 naves
384 3064 548 3122 mobilitate
594 3064 723 3124 Punicae

141 3153 722 3235 classiseIudi.excogitavitmanus

140 3247 290 3323 ferreas,
322 3268 396 3326 quae
418 3253 463 3310 ubi
486 3253 723 3329 apprehende-

140 3352 220 3400 runt
239 3344 373 3403 hostilem
396 3367 515 3406 navem.
530 3394 535 3405 .
550 3392 556 3404 .

162 3678 420 3744 Pseudo-Frontin.
444 3683 494 3758 IV,
521 3688 543 3758 t,
568 3685 601 3741 13
623 3703 650 3760 p.
667 3685 703 3742 80

179 3789 215 3849 ld.
232 3791 356 3852 Scaurus
377 3794 479 3868 filiurn,
501 3795 578 3870 quod
598 3796 628 3852 in
646 3796 723 3853 saltu

140 3884 314 3944 Tridentino
352 3890 482 3948 hostibus
521 3899 654 3963 cesserat,
688 3890 722 3946 in

140 3989 361 4055 conspectum
383 4002 486 4041 suum
512 3985 633 4042 venire
664 4004 722 4041 ve-

140 4074 246 4150 tuit.¹)
291 4077 457 4136 adulescens
483 4079 656 4136 verecundia
680 4079 722 4154 ig-

139 4170 284 4227 nomIniae
314 4190 433 4246 pressus
475 4183 619 4231 mortem
652 4173 723 4230 sibi

139 4264 327 4324 conscivit.

866 1402 940 1454 auct.
962 1394 999 1452 de
1019 1393 1072 1453 vir.
1094 1393 1135 1451 ill.
1156 1394 1270 1452 XLVII

816 1507 917 1584 [Cato]
941 1505 1041 1565 consul
1061 1504 1222 1564 Celtiberos
1247 1509 1361 1567 domuit

775 1609 854 1660 etne
874 1600 1054 1660 rebellare
1076 1611 1194 1676 possent
1212 1601 1359 1660 litteras

775 1697 817 1755 ad
839 1696 1002 1772 singulas
1024 1695 1191 1753 civitates
1210 1696 1312 1754 misit
1331 1707 1362 1754 ut

776 1809 874 1852 muros
889 1791 1084 1848 diruerent.
1106 1809 1360 1865 cumunaquae-

775 1905 840 1961 que
863 1884 934 1942 sibi
956 1885 1025 1943 soli
1056 1885 1231 1959 imperari
1260 1891 1361 1960 puta-

774 1988 841 2053 ret,
862 1981 999 2037 lecerunt.

888 2228 962 2276 auct.
984 2219 1019 2275 de
1042 2219 1091 2278 vir.
1114 2219 1154 2278 ill.
1177 2219 1249 2275 LXI

812 2329 946 2388 Metellus
976 2331 1204 2406 [Macedonicus]
1220 2373 1245 2388 ..
1266 2329 1361 2387 amico

775 2423 898 2497 cuidam,
916 2424 987 2499 quid
1001 2432 1117 2482 acturus
1133 2433 1218 2496 esset,
1235 2424 1359 2500 roganti,

774 2518 930 2575 tunicam
956 2517 1072 2593 inquit
1101 2538 1208 2575 meam
1238 2537 1360 2576 exure-

775 2631 858 2681 rem,
880 2611 906 2668 si
927 2631 989 2669 earn
1012 2612 1165 2670 consilium
1180 2633 1273 2671 meum
1289 2614 1361 2672 scire

774 2706 983 2765 existimarem.

841 2869 916 2917 auct.
938 2860 974 2918 de
994 2858 1047 2916 vir.
1067 2858 1109 2915 ill.
1130 2857 1296 2916 XXXVIII

813 2970 845 3029 C.
863 2970 1018 3029 Duilius..
1033 2988 1125 3028 .cum
1146 2970 1289 3027 videret
1308 2989 1359 3027 eos

774 3065 1052 3142 [Carthaginienses]
1108 3064 1231 3121 multum
1285 3065 1359 3122 mari

773 3179 861 3234 posse
882 3160 1004 3218 classem
1020 3158 1173 3216 fabricavit
1187 3164 1217 3215 et
1237 3177 1359 3216 manus

773 3255 910 3312 ferreas
931 3272 997 3310 cum
1018 3253 1102 3310 irrisu
1128 3253 1254 3310 hostium
1286 3253 1359 3327 pri·

773 3367 846 3405 mus
869 3348 1046 3420 instituit,
1068 3347 1173 3422 quibus
1194 3347 1268 3404 inter
1287 3365 1357 3422 pug-

772 3443 902 3501 nandum
938 3441 1067 3499 hostium
1100 3460 1204 3498 navem
1237 3459 1359 3516 appre-

773 3537 910 3596 hendit.

864 3687 941 3738 auct.
962 3680 997 3736 de
1017 3679 1069 3735 vir.
1091 3679 1132 3738 ill.
1155 3679 1267 3740 LXXII

815 3792 966 3867 [Scaurus]
988 3791 1080 3848 filium
1094 3809 1177 3847 suum
1191 3793 1261 3866 ana
1273 3811 1358 3868 prae-

776 3887 880 3942 sidium
895 3885 1059 3942 deseruerat
1079 3885 1112 3941 in
1134 3898 1360 3961 conspectum

774 3999 871 4038 suum
892 3978 1005 4036 vetuit
1030 3979 1209 4040 accedere.
1250 3981 1301 4038 ille
1322 3981 1359 4038 ob

773 4076 829 4133 hoc
858 4074 980 4132 dedecus
1011 4085 1155 4131 mortem
1185 4075 1254 4132 sibi
1284 4092 1361 4130 cou-

775 4169 892 4227 scivit.

211 4466 234 4526 l)
254 4477 277 4512 v.
299 4461 476 4514 IVoeltflinnrn
499 4463 586 4515 Herm.
607 4463 653 4525 IX,
674 4479 698 4532 p.
714 4468 745 4514 82
761 4478 786 4514 n.
